2017 3634
448 228 597 298 128
755 227 911 296 DE
982 212 1517 297 ORATOR‘E

445 343 564 404 hoc
592 342 885 417 habeant3
922 344 1016 403 hic
1043 345 1151 402 nisi
1176 341 1499 403 domesticis
1533 341 1593 405 se
1619 341 1835 404 instra·-

448 427 595 485 xerit
629 428 852 505 copiis,
897 424 1126 485 aliunde
1163 424 1395 487 dicendi
1436 426 1676 506 copiam
1721 446 1831 508 pe·

442 520 570 566 tete
605 525 726 565 non
755 508 958 586 possit.
1087 532 1088 535 ¹
1462 532 1470 539 ·
1825 510 1830 514 ’

458 626 467 633 -
531 583 610 645 Χ.
647 584 808 646 Tum
842 583 1083 647 Catulus
1106 631 1125 660 ,
1163 584 1327 660 Etsi,
1362 586 1585 667 inquit,
1626 582 1830 646 Anto-

446 668 547 741 ni,
569 668 808 726 minime
828 666 1235 748 impediendus
1253 665 1337 728 est
1354 666 1834 746 interpellatione

444 745 555 807 iste
596 746 782 808 cursus
824 751 1100 808 orationis
1133 763 1283 821 tuae,
1324 749 1556 828 patiere
1583 762 1785 807 tamen
1808 764 1834 821 ,·

451 828 714 910 mihique
768 827 1055 910 ignosce&
1134 827 1279 901 Non
1336 829 1494 888 enim
1546 827 1782 909 possum
1810 873 1829 902 ‚

452 911 594 990 quin
622 909 946 969 exclamem
969 954 988 982 ‚
1027 923 1092 967 ut
1121 910 1199 968 ait
1219 909 1318 969 ille
1345 911 1404 967 in
1431 907 1787 969 Trinummo
1811 929 1826 968 τ

452 991 535 1049 ita
566 990 703 1049 inihi
729 991 853 1049 vim
880 991 1125 1050 oratoris
1152 1010 1330 1070 quum
1357 985 1685 1070 exprimere
1704 988 1834 1049 sub-

454 1070 629 1129 tiliter
661 1068 811 1131 visus
838 1089 900 1129 es
922 1115 941 1144 ,
978 1087 1105 1129 tum
1131 1069 1365 1139 laudare
1388 1071 1835 1151 copiosissime3

456 1150 621 1231 quod
658 1149 892 1231 quidem
914 1150 1309 1232 'eloquentem
1349 1151 1450 1211 vel
1488 1152 1717 1231 optime
1751 1151 1837 1211 fa·-

463 1251 597 1292 cere
621 1248 899 1312 oportet,
938 1248 1003 1291 ut
1030 1233 1426 1314 eloquentiam
1452 1231 1687 1290 laudet:
1734 1232 1838 1291 de-

460 1309 566 1372 het
591 1314 748 1371 enim
775 1312 848 1372 ad
884 1332 1016 1372 eam
1050 1312 1398 1372 laudandam
1421 1357 1440 1386 ,
1472 1311 1651 1393 ipfam
1677 1312 1838 1372 illam

462 1392 742 1453 adhibere
762 1438 782 1463 ,
889 1414 981 1453 am
1012 1393 1226 1454 laudat.
1272 1393 1392 1455 Sed
1419 1412 1600 1474 perge
1621 1394 1841 1474 porro:

465 1474 585 1545 tibi*
596 1476 753 1535 enim
778 1414 1079 1548 afflatior,
1104 1472 1355 1534 vestrum
1371 1474 1483 1533 hoc
1503 1489 1694 1532 totum
1712 1519 1731 1547 ‚
1758 1475 1842 1533 di·

465 1551 616 1614 serte
637 1555 828 1615 dicere
846 1600 865 1628 ‚
886 1556 1063 1634 idque
1085 1557 1131 1613 si
1148 1559 1274 1635 quis
1293 1558 1350 1613 in
1373 1554 1479 1612 alia
1500 1570 1623 1614 arte
1637 1553 1842 1628 faciat,2

465 1654 603 1694 eum
624 1629 909 1714 assumpto
928 1635 1173 1697 aliunde
1194 1637 1280 1696 uti
1308 1635 1473 1703 bono
1494 1679 1513 1713 ,
1548 1654 1672 1699 non
1700 1655 1843 1720 pro-

464 1714 640 1795 prie,
680 1734 789 1774 nec
828 1713 952 1793 suot.
1327 1785 1332 1789 ,

480 1807 486 1811 ·
554 1811 656 1868 40.
689 1792 766 1854 Et
784 1792 1012 1857 Crassus
1030 1842 1050 1870 ‚
1081 1794 1222 1858 Nox
1247 1813 1308 1858 te
1327 1843 1347 1872 ‚
1377 1798 1562 1877 inquit
1583 1841 1604 1872 ,
1637 1797 1843 1871 nobis,

467 1871 742 1948 Antoni,
766 1878 1084 1958 expolivit,
1113 1879 1531 1958 hominemque
1556 1877 1846 1938 reddidit:

470 1975 610 2015 nam
630 1953 899 2019 hesterno
921 1957 1190 2019 sermone
1210 1962 1375 2018 unius
1389 1956 1679 2036 cujusdam
1704 1978 1851 2040 ope·

467 2037 544 2103 tis
561 2081 582 2108 ‚
617 2051 682 2096 ut
700 2039 781 2097 ait
802 2037 1070 2100 Caecilius
1091 2084 1110 2113 ,
1134 2041 1418 2121 remigem
1437 2039 1691 2120 aliquem
1708 2084 1728 2110 ,
1753 2052 1847 2099 aut

469 2114 734 2196 bajulum
769 2164 790 2193 ‚
847 2120 1026 2195 ,nobis
1072 2136 1368 2180 oratorem
1427 2118 1797 2200 descripseras
1826 2164 1846 2194 ‚

471 2199 718 2279 inopem
737 2201 1053 2280 quemdam
1072 2200 1477 2274 humanitatis,
1502 2216 1679 2282 atque
1700 2203 1855 2260 inut‘ae·

472 2278 717 2338 hanam.
1843 2302 1849 2309 ·

484 2408 499 2413 ψ
558 2378 658 2433 41.
693 2358 855 2419 Tum
880 2358 1213 2434 AntoniuS‚
1246 2359 1392 2423 Heri
1416 2362 1612 2433 enim,
1635 2362 1853 2441 inquit,

474 2437 596 2498 hoc
629 2439 769 2498 mihi
803 2438 1224 2520 proposueram
1246 2486 1265 2514 ,
1304 2457 1369 2501 ut
1389 2487 1408 2516 ,
1440 2443 1490 2502 si
1521 2456 1580 2500 te
1606 2440 1857 2501 refellis*

474 2517 597 2578 sem
616 2562 635 2591 ‚
660 2518 769 2578 hos
789 2541 823 2578 a
843 2536 903 2580 te
924 2520 1230 2602 discipulos
1251 2521 1636 2584 abducerem:
1665 2542 1858 2596 nune,

476 2596 695 2659 Catulo
721 2599 993 2662 audiente
1019 2646 1040 2677 ,
1083 2603 1148 2679 ὃς
1188 2601 1451 2677 Caesare,
1498 2601 1712 2661 videor
1751 2602 1861 2663 de*

477 2681 618 2739 bere
634 2701 756 2740 non
779 2697 901 2741 tam
927 2702 1186 2767 pugnare
1205 2698 1401 2742 tecum
1421 2729 1443 2755 ‚
1478 2681 1656 2764 quam
1673 2727 1692 2756 ,
1722 2681 1862 2763 quid

480 2760 598 2845 ipse
620 2759 859 2829 sentiam
877 2807 899 2845 2
934 2766 1145 2829 dicere.
1168 2807 1174 2850 5
1188 2763 1456 2849 Sequitur
1476 2765 1683 2849 igitur,
1711 2770 1871 2851 quei·
