2017 3634
608 202 753 276 'LI
803 224 961 277 ΒΕ
1008 226 1061 276 R
1132 207 1355 282 III..
1423 287 1432 291 ,
1493 229 1654 307 273-

242 323 402 410 legit
438 369 460 400 ‚
519 322 584 385 in
633 324 838 407 quibus
892 325 1162 387 omnibus
1208 325 1334 389 fere
1376 323 1649 391 Socrates

242 407 651 489 exprimitur,
697 428 869 480 non„
923 427 1273 496 quamquam
1307 407 1405 467 illa
1440 407 1649 490 scripta

242 488 386 550 sunt
422 488 703 548 divinitus
727 533 746 561 ‚
794 505 993 548 tamen
1030 508 1215 566 majus
1252 488 1531 570 quiddam
1570 490 1670 555 de,

245 570 359 630 ino
377 615 403 643 ‚
439 567 521 629 de
541 591 660 650 quo
677 567 884 649 scripta
903 567 1032 628 sunt
1049 613 1069 641 ‚
1090 566 1418 649 suspicatur.
1453 569 1662 652 Quod-

245 652 409 712 item
431 671 546 710 nos
566 648 918 731 postulamus
941 669 1066 710 non
1089 672 1121 709 a
1140 666 1200 709 te
1272 651 1466 713 uidem
1487 697 1508 727 ,
1545 655 1645 736 qui

244 731 436 793 nobis
474 734 674 791 omnia
708 729 931 791 summa
955 730 1154 789 tribuis
1172 774 1192 804 ,
1223 671 1324 793 sqed
1346 754 1380 792 a
1403 737 1664 809 ceter-R„

334 816 351 835 ⁹
389 811 523 872 haec
552 814 612 871 in
646 833 851 873 manus
878 809 1143 884 sument,
1172 828 1237 870 ut
1269 810 1453 890 majus
1476 815 1666 895 quid--

245 835 512 955 ffaumde
541 891 609 955 L.
638 890 877 967 Crass0,
905 891 1082 974 quam
1110 896 1389 974 quantum
1415 917 1449 955 a
1470 896 1664 959 nobis·

247 975 626 1057 exprimetur
645 1019 666 1048 ‚
697 972 1068 1056 suspicentur.
1161 986 1164 989 '

218 1126 225 1131 ¹
268 1088 277 1097 -
346 1055 457 1116 16..
494 1053 624 1115 Nos
646 1058 842 1129 enim,
870 1057 969 1137 qui
996 1057 1103 1138 ipsi
1133 1054 1526 1121 sermoninon
1548 1061 1642 1120 in-

242 1134 690 1211 terfuiss'emus,
729 1137 795 1198 &
905 1137 1031 1197 ‘bus
1067 1134 1143 1198 C.
1177 1134 1361 1201 Cotta
1390 1155 1645 1205 tantum-

246 1218 454 1281 modo
484 1218 692 1291 locoS,
732 1238 799 1282 ac
856 1220 1142 1281 ententias
1175 1217 1345 1300 hujus
1387 1219 1658 1302 disputa-.

245 1301 439 1362 tionis
471 1296 789 1361 tradidisset
807 1344 829 1374 ‚
870 1320 989 1381 quo
1023 1302 1085 1359 in
1113 1319 1332 1382 genere
1363 1305 1656 1362 orationis

244 1399 457 1445 utrum
542 1401 583 1443 e
626 1398 925 1442 oratorem
970 1400 1440 1462 cognoveramus
1478 1425 1498 1454 ‚
1547 1382 1662 1443 iel-f

251 1463 451 1545 ipsum
496 1474 660 1522 nm'us
681 1464 741 1522 in
772 1481 980 1523 eorum
1006 1459 1275 1523 sermone
1302 1461 1644 1523 adumbrare

252 1546 491 1605 conati.
544 1542 732 1623 Quod
761 1546 811 1603 si
836 1545 962 1625 quis
997 1544 1143 1616 erit,
1180 1545 1276 1623 qui
1298 1542 1497 1603 duRus
1523 1545 1661 1624 opi-e

251 1626 690 1706 nione'vulgi,
736 1640 834 1685 aut
878 1623 1208 1687 Antonium
1248 1621 1604 1705 jejuniorem
1621 1654 1661 1699 ,-

253 1724 359 1769 aut
383 1704 654 1767 Crassum
681 1703 1010 1787 pleniorem
1036 1703 1198 1767 fuisse
1232 1720 1431 1787 putet,
1466 1706 1649 1787 quam

254 1786 580 1870 quomodo
628 1808 663 1846 a
705 1785 877 1846 nobis
915 1802 1162 1868 uterque
1202 1786 1462 1847 inductus
1511 1787 1593 1849 est
1623 1809 1658 1851 :2

255 1873 306 1931 is
346 1870 460 1929 erit
495 1887 569 1928 ex
600 1869 666 1928 iis
688 1910 708 1940 ,
746 1868 844 1947 qui
887 1883 984 1927 aut
1025 1869 1159 1929 illos
1198 1889 1319 1928 non
1358 1868 1600 1931 audierit
1622 1908 1659 1945 ,ι

257 1967 365 2012 aut
387 1948 646 2030 judicare
664 1969 788 2008 non
815 1950 1019 2029 possit.
1068 1947 1226 2009 Nam
1253 1949 1363 2011 fuit
1398 1968 1660 2032 uterque)

261 2039 377 2109 (ut
421 2029 664 2112 exposui
697 2028 907 2113 antea)
962 2050 1139 2112 quum
1175 2029 1363 2092 studio
1393 2076 1414 2104 ‚
1466 2046 1662 2113 atque·

259 2114 510 2195 ingenio
540 2156 562 2186 ,
586 2162 591 2173 .
613 2110 679 2172 &
719 2109 979 2171 dofiirina
1057 2108 1285 2175 raestans
1329 2113 1601 2173 omnihus
1623 2156 1660 2185 ,.

260 2210 394 2255 tum
420 2194 485 2253 in
511 2191 615 2253 suo
646 2211 866 2274 genere
893 2189 1180 2272 perebius
1198 2213 1219 2263 ;
1239 2207 1318 2250 ‚ut
1355 2211 1550 2271 neque
1581 2195 1662 2256 int
1715 2196 1720 2201 ’

262 2272 542 2334 Antonio
572 2269 788 2333 deesset
816 2271 910 2331 hic
932 2286 1169 2331 ornatus
1196 2269 1474 2331 orationis
1492 2291 1659 2346 ,ne-⁵

263 2374 389 2435 que
411 2356 475 2416 in
502 2351 705 2416 Crasso
732 2351 1107 2414 redundaret.

277 2477 289 2485 -
351 2434 441 2496 V.
500 2434 589 2496 Ut
631 2436 655 2494 i
695 2435 806 2493 'ur
846 2449 981 2494 ante
1022 2432 1332 2496 meridiem
1386 2431 1659 2495 discesse*

262 2531 447 2590 tunt,
489 2515 667 2598 paulu
689 2530 902 2597 umque
938 2517 1304 2596 requierunt,
1349 2516 1410 2574 in
1441 2508 1656 2596 'primis

264 2598 392 2659 hoc
431 2618 467 2657 a
509 2596 573 2659 se
612 2594 797 2658 Cotta
839 2596 1297 2657 animadversum
1329 2594 1444 2656 esse
1481 2596 1661 2655 dice*

266 2677 412 2751 bat,
437 2696 621 2740 omne
643 2676 784 2739 illud
808 2693 1042 2758 tempus
1064 2675 1452 2736 meridianum
1473 2672 1659 2735 Cras-

262 2756 400 2825 sum
428 2762 489 2821 in
522 2762 803 2848 acerrima
821 2775 995 2841 atque
1025 2757 1405 2899 attentissssama
1426 2758 1662 2838 cogita„

1364 2859 1406 2902 Y
