2017 3634
512 257 1606 391 408⁴D13C2A111's

502 413 705 472 sitavit
737 453 757 484 ‚
813 409 878 469 &
926 409 1251 468 tribunatus
1298 405 1425 486 ejus
1445 450 1472 483 ,
1532 408 1818 471 arbitrio-
1837 409 1899 471 &

504 491 846 557 auE'toritate
882 487 947 550 Ρ.
975 489 1242 550 Africani
1278 487 1465 572 gestus
1482 535 1504 564 ‚
1526 511 1654 551 non
1683 490 1898 553 obscu-

508 593 607 633 rus
634 570 758 632 fuit.

601 670 735 711 101.
780 648 951 712 Alter
971 667 1165 711 autem
1186 649 1264 712 C.
1286 650 1539 712 Fannius
1553 696 1574 725 ‚
1601 651 1695 712 Μ.
1714 649 1866 713 filius
1881 697 1902 726 ‚

512 728 591 795 C.
623 731 785 793 Laelii
814 753 1035 814 gener,
1076 733 1142 793 ὃ(
1181 734 1484 806 moribuS‚
1527 733 1594 793 &
1630 732 1761 814 ipso
1799 754 1903 817 ge-

513 834 658 887 nere
711 812 942 876 dicendi
979 813 1203 874 durior.
1274 812 1330 874 Is
1391 813 1575 875 soceri
1636 813 1899 875 instituto

421 969 425 974 ,
520 894 747 979 (quem
763 941 787 969 ,
834 896 968 977 quia
992 912 1305 975 cooptatus
1344 896 1403 954 in
1440 916 1730 977 augurum
1768 896 1899 957 col-
1963 926 1970 931 -

517 979 735 1061 legium
756 998 879 1038 non
902 993 1060 1050 erat,
1091 997 1213 1036 non
1233 975 1555 1036 admodum
1583 975 1898 1059 diligebat,

519 1058 831 1141 praesertim
861 1077 1042 1139 quum
1069 1057 1168 1117 ille
1193 1057 1281 1137 Q.
1308 1055 1638 1118 Scaevolam
1662 1060 1778 1117 sibi
1796 1062 1903 1118 mi·

520 1160 729 1200 norem
750 1155 886 1197 natu
902 1157 1185 1219 generum
1204 1135 1560 1218 praetuliss'et:
1588 1140 1683 1196 cui
1699 1157 1894 1200 tamen

522 1219 730 1281 Laelius
749 1217 807 1281 se
831 1217 1100 1280 excusans
1119 1262 1141 1293 ,
1168 1240 1292 1279 non
1317 1238 1539 1301 genero
1576 1222 1799 1281 minori
1818 1220 1900 1280 di-

523 1302 606 1362 xit
640 1298 698 1362 se
723 1299 905 1374 illud,
949 1299 1051 1361 sed
1088 1296 1298 1378 majori
1333 1297 1466 1359 filiae
1506 1298 1817 1375 detuliffe)
1853 1304 1898 1360 is

523 1401 723 1444 tamen
747 1378 1003 1442 instituto
1042 1378 1202 1440 Laelii
1236 1379 1550 1441 Panaetium
1576 1381 1898 1444 audiverat.

524 1461 669 1545 Ejus
697 1465 886 1524 omnis
915 1465 977 1522 in
1004 1460 1258 1523 dicendo
1279 1461 1526 1522 facultas
1556 1481 1635 1522 ex
1666 1462 1902 1525 historia

524 1548 700 1629 ipsius
735 1567 858 1606 non
891 1543 1253 1625 ineleganter
1284 1540 1491 1624 scripta
1561 1542 1773 1625 erspici
1798 1567 1903 1626 po·

522 1624 635 1688 test
667 1647 687 1699 ;
773 1648 861 1686 uae
892 1645 1084 1706 neque
1122 1624 1291 1689 nimis
1320 1622 1403 1686 est
1434 1627 1495 1685 in
1597 1645 1664 1700 s,
1707 1645 1895 1708 neque
1981 1682 1982 1701 ἶ

522 1705 745 1790 Ρετῖεξὶ
806 1704 1028 1766 diserta.
1079 1742 1082 1745 Ἴ

615 1805 746 1847 102.
787 1786 1019 1849 Mucius
1046 1802 1242 1847 autem
1268 1806 1477 1869 augur,
1506 1785 1672 1869 quod
1694 1809 1811 1868 pro
1842 1784 1895 1846 se

514 1891 675 1951 opus
699 1886 822 1929 erat
838 1913 859 1943 ‚
896 1866 1017 1949 ipse
1041 1867 1272 1928 dicebat
1288 1911 1312 1939 ,
1343 1883 1405 1926 ut
1428 1867 1503 1928 de
1520 1871 1789 1950 pecuniis
1806 1888 1898 1929 te-

521 1949 795 2032 petundis
835 1965 1040 2008 contra
1083 1945 1161 2008 T.
1202 1947 1520 2021 Albucium
1551 1969 1566 2009 ε
1613 1951 1662 2009 is
1692 1967 1899 2011 orato-

424 2035 431 2043 ’
519 2052 651 2092 rum
681 2031 741 2089 in
776 2048 1023 2105 numero
1061 2049 1185 2089 non
1224 2028 1331 2089 fuit
1351 2049 1372 2103 3
1407 2025 1550 2109 juris
1585 2031 1775 2093 civilis
1811 2034 1902 2091 in·

523 2108 646 2173 t'elli
689 2110 881 2186 entia,
916 2126 974 2169 at
1059 2129 1093 2173 e
1131 2111 1297 2170 omni
1326 2110 1651 2191 prudentiae
1679 2132 1898 2193 genere

522 2215 643 2279 prae
693 2194 801 2253 ’tit.
865 2191 936 2254 L.
1029 2191 1194 2252 oelius
1223 2191 1538 2273 Antipater
1556 2237 1578 2266 ‚
1620 2190 1895 2275 scriptor,

524 2273 1026 2359 quemadmodum
1083 2272 1296 2332 videtis
1329 2317 1350 2347 ,
1402 2272 1510 2333 fuit
1542 2317 1563 2347 ,
1618 2290 1683 2333 ut
1752 2292 1894 2337 tem·

523 2355 763 2439 poribus
797 2355 905 2414 iuis
925 2399 946 2428 ,
990 2353 1312 2413 luculentus
1335 2397 1357 2428 ,
1401 2350 1540 2432 juris
1576 2353 1762 2416 valde
1799 2375 1895 2437 pe-

486 2461 493 2467 ·
522 2441 700 2511 ritus,
735 2435 1053 2496 multorum
1082 2436 1292 2508 etiam,
1319 2450 1383 2494 ut
1407 2435 1475 2497 L.
1511 2431 1757 2508 Crassi,
1784 2457 1898 2498 ma·

567 2517 714 2579 ister.
886 2526 891 2535 '

523 2540 564 2601 g
608 2594 865 2658 XXVII.
891 2591 1136 2658 Utinam
1151 2597 1212 2654 in
1225 2593 1363 2657 Tib.
1377 2593 1694 2671 Gracch0,
1725 2594 1898 2659 Caio-

523 2701 637 2763 que
672 2676 949 2740 Carbone
986 2676 1114 2736 talis
1154 2697 1321 2738 mens
1359 2676 1436 2737 ad
1474 2678 1897 2759 rempublicam

523 2764 680 2835 bene
756 2758 1033 2821 erendam
1050 2755 1234 2819 fuiffet
1257 2803 1279 2832 ‚
1311 2758 1485 2839 quale
1504 2761 1807 2841 ingenium
1821 2756 1900 2818 ad

515 2842 679 2915 hene
738 2837 1902 3006 ’cenduxnfuit1profefflvnexnohiglxgtf-lisa
1975 2842 1978 2845 ’
