2017 3634
495 268 656 351 ‘29'2
804 248 1585 325 oenomai-ont

496 378 687 437 omnis
729 390 920 434 rerum
962 374 1312 452 optimarum
1357 373 1658 454 cognitio,
1699 388 1857 455 atque

494 460 552 517 in
591 460 656 515 iis
702 455 1041 515 exercitatio
1072 497 1091 525 ‚
1137 453 1489 534 philosophia
1530 457 1862 516 nominare-

471 556 626 610 tur,
684 537 801 595 hoc
846 554 1163 594 commune
1198 554 1418 593 nomen
1469 537 1680 614 eripuit
1711 581 1730 609 ,
1784 535 1861 596 sa-

485 622 831 699 pienterque
875 613 1209 688 sentiendi,
1270 614 1337 673 &
1379 617 1586 674 ornate
1636 617 1862 676 dicendi

483 698 778 759 scientiam
798 743 817 771 ,
847 717 912 757 re
950 696 1305 755 cohaerentes
1328 741 1346 769 ,
1383 695 1856 776 disputationibus

485 778 596 839 suis
624 778 945 862 separavit:
988 775 1148 856 cujus
1181 779 1478 859 ingenium
1498 821 1517 850 ‚
1557 779 1862 860 variosque

477 860 783 922 sermones
824 858 1243 919 immortalitati
1281 856 1500 938 scriptis
1541 857 1651 917 suis
1701 859 1864 920 Plato

486 942 723 1001 tradidit
744 988 762 1015 ‚
802 962 981 1021 quum
1007 937 1128 1029 ipse
1154 937 1407 998 litteram
1435 938 1710 1000 Socrates
1736 942 1867 1001 nul-

485 1023 604 1082 lam
636 1020 962 1102 reliquisset.
1544 1054 1549 1059 ¹
1722 1064 1731 1069 -

569 1102 669 1161 61.
713 1103 868 1162 Hinc
912 1100 1209 1160 discidium
1253 1100 1393 1159 illud
1448 1099 1662 1162 exstitit
1710 1106 1864 1185 quasi

483 1183 695 1265 linguae
731 1200 901 1264 atque
943 1181 1174 1256 cordiS,
1218 1180 1524 1251 absurdum
1563 1182 1749 1256 sane,
1800 1186 1863 1246 ἃ.

483 1264 687 1325 inutile
715 1310 734 1339 ‚
787 1266 852 1323 ὃ(
882 1261 1426 1344 reprehendendum
1449 1307 1469 1337 ,
1509 1280 1573 1323 ut
1614 1264 1712 1324 alii
1755 1288 1859 1327 nos

481 1345 717 1426 sapere,
758 1344 851 1404 alii
880 1345 1073 1404 dicere
1108 1344 1410 1404 docerent.
1460 1341 1653 1419 Nam,
1684 1368 1859 1428 quum

482 1425 664 1487 essent
692 1427 884 1508 plures
911 1427 1028 1485 orti
1053 1423 1175 1483 fere
1205 1444 1237 1483 a
1261 1425 1505 1484 Socrate
1528 1468 1545 1496 ,
1584 1428 1751 1507 quod
1792 1448 1860 1488 ex

479 1508 630 1567 illius
651 1511 854 1581 varin,
885 1507 949 1566 &
979 1505 1221 1566 diversis
1241 1550 1259 1578 ‚
1291 1506 1356 1564 &
1385 1508 1444 1563 in
1474 1525 1721 1567 omnem
1745 1530 1866 1590 par·

484 1606 610 1649 tem
641 1587 852 1648 diffusis
892 1585 1366 1668 disputationibus
1396 1586 1536 1645 alius
1567 1588 1731 1648 aliud
1764 1612 1865 1670 ap·-

527 1670 871 1731 rehenderat
889 1713 906 1741 ,
934 1665 1336 1748 proseminatae
1358 1664 1484 1726 sunt
1506 1671 1677 1750 quasi
1695 1670 1865 1730 fami-

482 1692 573 1810 iiae
599 1749 979 1810 dissentientes
1013 1745 1252 1808 {merse
1273 1793 1292 1821 ‚
1341 1748 1406 1806 ὃ(
1440 1749 1697 1809 multum
1744 1753 1863 1811 dis·-

480 1828 691 1910 junEtae
721 1831 785 1890 ὃς
820 1828 1067 1909 dispares
1085 1874 1108 1899 ,
1142 1848 1324 1910 quum
1345 1845 1544 1888 tamen
1573 1848 1786 1893 omnes
1804 1833 1864 1893 se

479 1911 811 1993 philosophi
846 1909 1174 1969 Socraticos
1215 1910 1278 1970 &
1326 1908 1437 1969 dici
1474 1911 1749 1988 vellent,
1794 1914 1863 1974 &

482 1991 598 2055 esse
621 1993 1045 2052 arbitrarentur.

563 2072 762 2133 XVII.
806 2071 899 2132 Ac
935 2070 1127 2153 primo
1163 2071 1236 2130 ab
1268 2070 1394 2151 ipa>
1424 2070 1676 2134 Platone
1697 2074 1866 2134 Aris-

478 2155 694 2216 toteles
727 2154 791 2214 δε
828 2151 1238 2225 Xenocrates-3
1274 2170 1526 2232 quorum
1567 2155 1721 2216 alter
1750 2155 1866 2217 Pe·-

463 2238 913 2317 Tipateticorum
956 2280 975 2308 ,
1042 2233 1186 2292 alter
1232 2231 1603 2294 Academiae-
1637 2256 1866 2298 nomen

480 2319 770 2378 obtinuitz'
821 2315 1037 2377 deinde
1069 2312 1141 2373 ab
1174 2311 1521 2376 Antisthene
1543 2360 1566 2389 ‚
1614 2321 1715 2398 qui
1748 2340 1866 2403 pa..

477 2400 742 2458 tientiam
783 2399 847 2458 &
876 2398 1142 2455 duritiam
1174 2397 1233 2453 in
1260 2387 1561 2456 Socratico
1588 2401 1872 2461 sermone

459 2480 731 2540 mraxime
776 2478 1068 2536 adamarat
1089 2520 1107 2549 ‚
1136 2473 1367 2557 ‘Cynici
1410 2480 1664 2558 primum
1685 2525 1706 2554 ‚
1756 2482 1873 2542 de-

477 2562 615 2621 inde
647 2559 826 2621 Stoici
858 2580 872 2618 :
913 2575 1040 2621 tum
1066 2558 1139 2616 ab
1166 2552 1464 2639 Aristippo
1483 2602 1504 2631 ,
1586 2580 1732 2620 uem
1755 2562 1875 2623 illae

479 2644 662 2726 magis
676 2639 1017 2722 voluptariae
1043 2636 1453 2718 disputationes
1479 2640 1552 2699 de
1579 2640 1884 2718 effatam,
1984 2638 1985 2645 ἵ

479 2722 809 2805 Cyrenaica
871 2715 1194 2800 hilosciphia
1214 2724 1475 2781 manavit
1490 2762 1510 2795 ‚
1537 2741 1725 2801 quam
1748 2727 1888 2801 ille,

481 2805 547 2865 δι
576 2801 698 2884 ejus
732 2822 811 2885 po
865 2807 946 2865 eri
969 2794 1317 2883 simpliciter
1347 2798 1790 2882 defenderant3
1817 2810 1886 2883 ii,
