2017 3634
230 472 697 560 LIBER
803 482 1477 579 TERTIUS.

164 724 212 787 Ι.
250 657 859 802 {usna-vnvm
919 746 1101 824 mihi,
1162 748 1387 893 {nime
1425 756 1551 824 fra·-

161 825 252 883 ter
271 854 294 883 ,
337 831 476 873 eum
508 815 842 883 sermonem
875 825 1093 890 referre
1115 876 1135 905 ‚
1274 842 1549 907 mandare

162 889 299 950 huic
332 898 508 955 tertio
543 897 697 959 libro
719 945 738 974 ,
779 924 958 983 quem
987 909 1119 989 post
1152 912 1404 981 Antonii
1433 924 1553 983 dis·-

158 976 532 1052 putationem
567 975 793 1042 Crassus
818 985 1096 1052 habuiss'et
1119 1039 1139 1069 ,
1179 1000 1387 1063 acerba
1413 1001 1549 1067 sane

156 1055 492 1118 recordatio
541 1077 809 1124 veterem
860 1073 1036 1131 animi
1089 1096 1282 1139 curam
1321 1127 1342 1158 ‚
1409 1106 1546 1148 mo-

152 1133 497 1218 lestiamque
517 1150 848 1208 renovavit.
895 1149 1053 1214 Nam
1070 1157 1211 1219 illud
1240 1162 1546 1230 immorta-

155 1213 320 1278 litate
374 1219 611 1302 dignum
649 1226 946 1309 ingenium
969 1279 988 1308 ,
1040 1235 1137 1298 illa
1172 1240 1495 1310 humanitas
1517 1297 1539 1331 ‚

156 1297 255 1357 illa
304 1301 490 1361 virtus
520 1301 588 1363 L.
631 1303 862 1385 Crassi,
905 1333 1099 1379 morte
1147 1321 1419 1388 exstincta
1449 1329 1545 1393 su-

155 1377 278 1437 bita
298 1378 383 1440 est
404 1426 425 1455 ,
460 1385 560 1444 vix
583 1384 787 1466 diebus
805 1392 1017 1454 decem
1037 1396 1168 1478 post
1189 1422 1325 1465 eum
1345 1408 1500 1470 diem
1518 1459 1541 1486 ,

150 1462 252 1540 qui
272 1459 394 1521 hoc
418 1463 484 1523 &
503 1463 798 1555 superiore
826 1472 977 1536 libro
1000 1480 1349 1546 continetur.

237 1560 296 1600 2..
340 1541 428 1602 Ut
458 1548 613 1606 enim
641 1547 903 1613 Romam
919 1556 1089 1617 rediit
1109 1578 1373 1630 extremo
1413 1566 1540 1633 sce-

147 1622 422 1682 nicorum
457 1625 732 1690 ludorum
769 1633 860 1695 die
881 1680 900 1709 ,
951 1636 1332 1707 vehementer
1375 1671 1542 1714 com·-

147 1718 346 1762 motus
385 1705 456 1765 ea
496 1711 761 1773 oratione
781 1758 801 1788 ,
844 1737 973 1797 quae
1007 1717 1302 1788 ferebatur
1339 1726 1533 1797 habita

146 1782 265 1844 esse
297 1786 359 1844 in
379 1791 669 1852 concione
702 1812 736 1853 a
771 1794 1080 1881 Philipp03
1121 1825 1298 1885 quem
1336 1810 1531 1879 dixiffe

144 1863 452 1928 constabat
471 1914 497 1941 ,
533 1873 826 1936 videndum
863 1881 974 1941 sibi
1007 1884 1175 1945 aliud
1205 1886 1304 1969 ff
1335 1900 1528 1957 consi-

145 1946 280 2005 lium
294 1969 325 2019 ,·
375 1949 478 2010 illo
488 1951 690 2030 finam
702 1957 764 2034 [ὲ
790 1964 1178 2045 rempublicam
1202 1995 1380 2052 gerere
1417 2002 1528 2040 non

134 2025 288 2106 poffi
316 2051 337 2089 .·
390 2032 562 2092 mane
601 2034 788 2096 idibus
825 2039 1186 2124 Septembris
1225 2052 1291 2112 &
1328 2056 1424 2117 ille
1461 2060 1525 2121 ὃς

139 2105 371 2169 senatus
399 2109 671 2195 frequens
691 2160 711 2191 ,
738 2140 953 2182 vocatu
973 2123 1192 2203 Drusi,
1228 2134 1285 2192 in
1307 2140 1524 2201 curiam

139 2192 324 2250 venit.
382 2189 471 2252 Ibi
498 2215 680 2275 quum
700 2196 922 2262 Drusus
947 2208 1131 2268 multa
1147 2209 1221 2271 de
1250 2204 1522 2299 Philippo

137 2268 377 2349 questus
409 2273 583 2349 esset,
640 2281 835 2341 retulit
884 2283 961 2344 ad
990 2283 1249 2351 senatum
1283 2294 1370 2375 *de
1413 2298 1519 2364 illo

133 2350 263 2429 ipso
287 2396 309 2426 ,
365 2353 525 2433 quod
570 2356 768 2421 consul
794 2364 869 2423 in
903 2385 1040 2426 eum
1077 2364 1344 2436 ordinem
1397 2378 1516 2445 tani

132 2436 397 2513 graviter
429 2438 489 2495 in
526 2443 814 2513 concione
856 2444 995 2508 effet
1029 2450 1309 2517 inveEtus.

223 2531 281 2592 3.
325 2513 485 2588 Hic,
527 2520 589 2578 ut
614 2520 763 2604 saepe
795 2526 946 2589 inter
981 2530 1249 2598 homines
1283 2539 1514 2624 sapien·-

127 2592 390 2655 tissimos
437 2597 698 2663 constare
747 2607 870 2666 vidi
908 2653 929 2682 ,
996 2633 1346 2696 quamquam
1395 2625 1514 2687 hoc

129 2670 375 2750 Crass'o,
401 2698 603 2760 ,quum
637 2683 851 2765 aliquid
895 2695 1212 2753 act-matins
1253 2698 1509 2783 dixiffet‚

119 2753 361 2837 semper
389 2757 515 2820 fere
559 2764 917 2848 contigisset,
956 2786 1023 2830 ut
1065 2794 1380 2859 numquam
1418 2785 1510 2846 di-

116 2834 262 2900 xifl'e
282 2841 491 2906 melihs
510 2860 809 2925 putat-etun,-
818 2895 845 2928 ,
866 2866 1065 2931 tamen
1085 2861 1347 2939 omnium
1367 2862 1508 2931 conss·

1028 2957 1174 3043 Mi}
