2017 3634
480 257 928 364 Lrsspn
996 261 1176 329 ΙΙΙ.
1376 278 1535 355 305

125 374 470 440 discendum
499 378 818 447 acerrimo,
864 375 940 435 ad
976 397 1047 437 ea
1077 375 1529 459 cognoscenda,

127 478 256 538 quae
287 456 472 528 dicis,
495 454 676 516 ¹fuisse
716 460 1026 538 temporis·
1083 457 1397 540 Pergisne,
1435 461 1533 519 in-

126 540 251 618 quit
293 535 530 597 Crassus
556 582 582 610 ,
632 558 771 610 me,
799 551 948 618 'quae
987 540 1221 612 dicam,
1271 539 1346 600 de
1388 559 1485 600 me
1509 585 1529 614 ,

130 636 258 681 non
291 618 370 681 de
393 635 684 699 reputare
708 618 943 679 dicere?
987 619 1109 680 Sed
1128 619 1285 700 jam,
1325 623 1373 681 si
1399 621 1533 702 pla-

132 710 269 772 cet',
322 698 399 763 ad
419 732 424 737 ·
443 697 717 761 instituta·
747 698 1079 760 redeamus.
1143 701 1301 765 Mihi
1340 703 1489 766 verb
1507 746 1528 781 ,

137 779 391 842 Catulus
413 781 601 861 inquit
619 826 640 854 ‚
669 779 888 861 placet.

215 879 321 939 91.
363 859 523 921 Tum
552 859 818 935 Crassus,
861 861 1164 942 Quorsum
1197 864 1370 945 igitur
1401 863 1526 924 haec

128 941 355 1023 spe&at
371 987 392 1015 ‚
424 945 611 1023 inquit
632 987 651 1015 ‚
674 960 796 1005 tam
815 941 996 1024 longa
1013 989 1032 1017 ‚
1066 945 1129 1005 &
1152 961 1274 1003 tam
1293 944 1409 1004 alte
1435 965 1531 1005 re-

129 1027 322 1105 petita
371 1022 607 1083 oratio?
652 1023 741 1083 hae
776 1024 905 1084 duae
942 1042 1136 1105 partes
1165 1071 1184 1099 ‚
1224 1046 1353 1107 quae
1387 1026 1531 1086 mihi

126 1103 467 1185 supersunt,
499 1102 841 1165 illustrandae
872 1108 1152 1167 orationis
1168 1152 1192 1178 ‚
1214 1118 1309 1166 ⁴'ac
1346 1109 1524 1166 totius

135 1186 498 1266 eloquentiae
523 1185 883 1246 cumulandae
899 1232 917 1260 ‚
945 1208 1188 1269 quarum
1212 1188 1391 1248 altera
1413 1188 1529 1248 dici

134 1264 393 1348 postulat
417 1267 629 1327 ‘ornate
653 1310 672 1339 ,
711 1268 889 1327 altera
918 1270 1052 1349 apte
1074 1315 1093 1343 ,
1133 1269 1280 1327 hanc
1309 1267 1526 1328 habent

135 1352 300 1419 vim,
328 1364 392 1407 ut
420 1349 491 1409 sit
518 1346 694 1428 quam
728 1351 976 1407 maxime
1009 1347 1263 1428 jucunda
1285 1394 1302 1421 ‚
1350 1349 1527 1429 quam

135 1428 394 1491 maxime
441 1430 498 1487 in
535 1426 727 1488 'sensus
770 1448 976 1490 eorum
1009 1473 1029 1501 ‚
1088 1431 1188 1510 qui
1234 1429 1471 1488 audiunt
1503 1475 1523 1504 ,

136 1509 344 1651 igflugt
381 1554 401 1584 ,
463 1509 530 1570 ὃ(
576 1508 754 1592 quam
795 1508 1060 1591 plurimis
1105 1513 1178 1573 sit
1224 1510 1396 1569 rebus
1428 1512 1526 1570 in·-

196 1612 261 1650 ru
323 1613 376 1650 a.
1276 1616 1281 1619 *

226 1691 332 1750 92.
375 1669 825 1739 lustramentum
858 1690 1053 1733 autem
1094 1670 1213 1743 hoe
1253 1670 1530 1744 forense,

141 1751 462 1835 litigiosum
482 1797 501 1825 ‚
531 1773 662 1812 acre
688 1797 707 1825 ‚
750 1752 993 1813 trafium
1021 1774 1092 1814 ex
1112 1753 1273 1834 vulgi
1294 1754 1529 1833 opinio-

141 1834 318 1894 nibus
335 1878 354 1906 ,
386 1836 656 1917 exiguum
682 1833 814 1895 sane
841 1850 1018 1914 atque
1040 1835 1371 1894 mendicum
1404 1831 1523 1893 est:

142 1913 291 1973 illud
320 1912 500 1972 rursus
527 1912 746 1994 ipsum,
787 1915 949 1994 quod
988 1915 1221 1975 tradunt
1259 1912 1386 1987 isti,
1428 1915 1529 1995 qui

145 1993 495 2076 profitentur
515 1993 572 2055 se
596 1995 826 2073 dicendi
844 1993 1143 2077 magistros
1164 2040 1183 2069 ‚
1213 2017 1334 2055 non
1362 1994 1526 2054 mul-

146 2079 271 2136 tum
300 2073 385 2135 est
415 2073 598 2154 majus
621 2120 642 2148 ‚
680 2075 866 2157 quam.
889 2077 1032 2136 illud
1068 2076 1309 2161 vulgare
1345 2098 1412 2134 ac
1438 2075 1531 2135 fo-

148 2156 337 2220 rense.
399 2155 706 2237 Apparatu
748 2156 916 2217 nobis
962 2178 1113 2236 opus
1160 2155 1276 2231 est,
1327 2158 1392 2215 ὃ(
1430 2177 1532 2216 re-

148 2237 258 2299 bus
299 2240 595 2318 exquisitis
632 2236 888 2317 undique
916 2280 937 2309 ,
993 2238 1058 2296 ἃ
1097 2237 1355 2296 colleffls
1375 2276 1396 2308 ‚
1436 2257 1534 2294 ar·-

152 2321 371 2379 cessitis
393 2362 414 2391 ‚
446 2320 865 2398 comportatis,
902 2332 968 2375 ut
988 2316 1134 2389 tibi,
1169 2314 1361 2376 Caesar
1380 2360 1400 2387 ‚
1438 2315 1533 2375 fa·-

152 2398 427 2460 ciendum
458 2397 538 2459 est
564 2398 635 2462 ad
658 2418 910 2471 annum3
947 2412 1012 2456 ut
1032 2417 1148 2480 ego
1174 2399 1233 2456 in
1260 2396 1533 2459 aedilitate

150 2479 461 2552 laboravi,
508 2478 670 2560 qubd
710 2478 1062 2560 quotidianis
1102 2479 1167 2538 &
1209 2477 1532 2539 vernaculis

152 2561 326 2620 rebus
347 2558 675 2622 satisfacere
702 2579 799 2620 me
824 2558 983 2640 poffe
1005 2560 1137 2622 huic
1159 2561 1383 2643 populo
1408 2580 1530 2618 non

155 2641 459 2721 putabam.
771 2676 778 2683 ·

233 2739 339 2801 93.
385 2720 722 2791 Verborum
755 2719 1159 2801 eligendorum
1184 2765 1204 2795 ,
1250 2720 1314 2780 &
1345 2719 1539 2779 collo·

151 2803 524 2875 nudorum,
565 2800 1213 2873 &concludendorum
1245 2801 1423 2864 facilis
1452 2797 1539 2863 est
