2017 3634
516 254 604 341 4ss
794 238 1606 312 -DE—Onaroass

499 366 563 422 'si
582 352 851 421 “infinitus
882 358 1202 420 forensium
1220 378 1413 419 rerum
1432 359 1635 435 labor,
1677 359 1741 421 &
1768 378 1883 422 am-

512 436 750 503 bitionis
808 443 1118 520 occupatio
1157 484 1177 514 ,
1240 439 1477 500 decursu
1537 441 1828 502 honorum
1855 485 1881 515 ,

517 522 694 585 etiam
724 525 900 581 aetatis
932 521 1088 581 flexu
1114 518 1461 582 constitisset.
1722 586 1726 591 ,

602 623 658 663 2.
703 601 902 682 Quam
935 601 1098 685 spem
1133 604 1554 684 cogitationum
1592 601 1657 663 &
1681 604 1883 663 ‚consi-

513 678 725 744 liorum
775 697 1085 757 meorum,
1144 684 1323 763 quuni
1360 703 1567 765 graves
1611 705 1884 744 commu-

514 767 673 824 nium
696 782 832 826 tem
877 785 1092 838 orum,
1133 778 1260 823 tum
1309 760 1486 824 nostri
1520 763 1674 825 casus
1709 764 1886 826 fefel-

515 844 726 905 lerunt.
845 866 935 903 am
968 846 1068 926 qui
1099 842 1258 902 locus
1284 846 1491 924 quietis
1518 845 1589 919 ,δι
1613 844 1889 927 tranquil-

505 925 690 1001 ,litatis
719 924 1085 1006 plenissimus
1125 921 1255 984 fore
1297 924 1605 986 videbatur
1625 971 1645 1000 ,
1702 927 1763 985 in
1809 946 1887 987 eo

513 1007 783 1066 maximae
805 1005 994 1065 moles
1017 1002 1408 1064 molestiarum
1430 1004 1470 1079 ,'
1494 1006 1558 1066 &
1578 1000 1887 1068 turbulen-

513 1089 750 1147 tissimae
804 1082 1180 1166 tempestates
1233 1084 1585 1146 exstiterunt.
1670 1085 1887 1169 Neque

512 1167 661 1229 verb
695 1166 865 1226 nobis
892 1165 1256 1247 cupientibus
1281 1211 1301 1241 ,
1342 1183 1516 1247 atque
1554 1169 1893 1248 exoptanti-

513 1249 624 1310 bus
657 1246 871 1308 fruetus
919 1249 1026 1306 otii
1074 1245 1240 1306 datus
1287 1243 1369 1306 est
1417 1246 1493 1306 ad
1546 1246 1651 1307 eas'
1693 1264 1848 1310 artes
1868 1292 1891 1324 ,

597 1328 722 1390 'bus
757 1350 809 1388 εν
831 1329 1026 1410 pueris
1062 1326 1242 1387 dediti
1283 1325 1492 1387 fuimus
1516 1370 1537 1401 ‚
1579 1325 1892 1390 celeBran-

514 1349 622 1471 E}
638 1454 658 1484 ‚
681 1413 834 1470 inter
858 1407 1080 1489 nosque
1106 1405 1463 1467 recolendas.

608 1507 664 1569 3.
701 1489 858 1553 Nam
886 1488 1075 1570 primii
1096 1504 1266 1548 aetate
1297 1486 1599 1546 incidimus
1622 1487 1682 1547 in
1706 1487 1894 1569 ipsam

562 1571 1020 1632 exturbationem
1042 1567 1346 1648 disciplinae
1367 1569 1616 1628 veteris:
1651 1568 1716 1629 δι
1743 1591 1898 1631 con-

514 1593 699 1710 fulatu
734 1648 1077 1708 devenimus
1121 1650 1186 1715 in,
1218 1646 1477 1706 medium
1518 1667 1713 1708 rerum
1750 1672 1897 1710 om·-

516 1733 681 1791 nium
705 1743 1001 1788 certamen
1021 1768 1042 1800 ,
1075 1742 1247 1807 atque
1277 1723 1581 1787 discrimen
1610 1749 1626 1788 z
1674 1728 1738 1788 &
1769 1730 1897 1791 hoc

515 1826 641 1871 tem
683 1830 748 1868 us
780 1826 960 1868 omne
1002 1803 1136 1888 post
1172 1804 1526 1866 consulatum
1564 1806 1900 1889 objecimus

517 1891 586 1951 iis
676 1887 896 1949 uffibus
933 1931 953 1961 ‚
1006 1887 1148 1968 qui,
1201 1905 1308 1966 per
1352 1908 1466 1946 nos
1507 1910 1542 1947 a
1571 1893 1902 1953 ¹communi

516 1954 680 2053 peste
716 1967 990 2048 depulsi,
1049 1968 1111 2026 in
1162 1965 1544 2048 nosmetipsos
1591 1970 1901 2033 redunda-

515 2067 671 2112 runt.
736 2047 856 2110 Sed
896 2065 1096 2108 tamen
1137 2048 1198 2106 in
1237 2047 1325 2107 his
1360 2048 1461 2109 vel
1490 2047 1896 2129 asperitatibus

515 2151 712 2204 rerum
733 2132 759 2204 ‚'
792 2129 892 2189 vel
914 2124 1199 2209 -angustiis
1236 2130 1518 2209 temporis
1539 2173 1559 2202 ,
1600 2129 1739 2191 obse
1784 2154 1899 2194 uar

516 2209 714 2281 studiis
739 2206 988 2283 nostris;
1027 2208 1131 2282 &,
1159 2211 1435 2289 quantum
1454 2209 1592 2267 mihi
1614 2211 1712 2272 vel
1760 2234 1905 2273 raus

516 2294 887 2354 inimicorum
921 2334 942 2361 ,
998 2289 1100 2350 vel
1148 2287 1326 2348 causae
1378 2290 1738 2363 amicorum,
1789 2292 1906 2355 vel

502 2371 841 2454 ,respublica
870 2370 1087 2429 tribuet
1113 2370 1216 2431 otii
1235 2413 1254 2442 ,
1290 2367 1365 2428 ad
1392 2366 1754 2429 scribendum
1777 2394 1909 2452 pq-

500 2455 800 2519 ,tissimum
820 2450 1143 2511 conferam.
1179 2446 1319 2508 Tibi
1343 2448 1528 2523 verb,
1555 2447 1760 2522 frater,
1785 2473 1910 2515 ne·
1987 2468 1988 2471 ’

494 2554 638 2617 „que
706 2532 964 2607 hortanti
1034 2530 1214 2590 deero
1249 2573 1274 2602 ‚
1346 2548 1537 2609 neque
1605 2535 1847 2615 roganti
1869 2556 1909 2595 ·:

478 2635 661 2677 tuam
715 2632 907 2694 neque
961 2609 1302 2670 ειιιξὶοτὶτειῐε
1410 2608 1661 2692 uisquam
1733 2614 1913 2693 apud

517 2716 618 2837 ine
662 2694 791 2776 plus
848 2690 1047 2756 valere
1100 2706 1163 2753 te
1224 2705 1367 2773 pote
1449 2734 1473 2766 ,
1536 2709 1731 2773 neque
1774 2714 1917 2765 vo·-=

544 2792 765 2838 uutate.
