2017 3634
473 221 1065 291 LIBERI.
1370 223 1492 316 69·

99 356 254 400 mam
274 337 330 399 in
354 337 625 399 exsilium
644 337 886 397 veniffet
901 382 926 409 ,
958 336 1050 398 cui
1072 336 1283 400 Romae
1306 338 1475 401 exsu‘-

100 419 220 480 lare
245 417 325 500 jus
344 418 491 481 effet
515 464 535 493 ,
570 421 616 478 si
643 416 701 478 se
725 417 802 477 ad
820 418 1069 500 aliquem
1089 423 1251 502 quasi
1268 437 1498 502 patro·-

109 519 238 560 num
260 499 657 582 applicaviffet
675 543 700 571 ,
731 497 1115 581 intestatdque
1146 500 1283 563 effer
1312 518 1494 563 mor··

109 597 221 641 tuus
239 627 262 653 ,
293 601 503 643 nonne
539 582 601 639 in
633 599 703 641 ea
731 577 893 639 causa
911 577 1001 659 jus
1024 581 1425 661 applicationis
1450 627 1471 657 ,

103 661 394 723 obscurum
420 661 557 723 sane
593 661 946 741 &ignotum
967 704 990 731 ,
1029 660 1377 742 patefa&um
1409 667 1471 725 in

96 739 302 822 jndicio
317 790 343 816 ,
368 760 546 824 atque
569 739 910 801 illustratum
925 738 1007 800 est
1022 762 1056 800 a
1077 742 1371 822 patrono?
1489 778 1496 783 -

181 824 311 901 178.
354 821 532 904 Quid
561 819 751 904 nup'er
768 865 790 895 ,
911 841 1010 881 um
1038 842 1154 904 ego
1182 820 1258 883 C.
1290 821 1498 915 Sergii*

98 901 329 965 Auratae
349 921 560 965 contra
579 903 731 962 hunc
761 923 841 962 no
891 923 1018 962 rum
1039 901 1372 965 Antonium
1385 926 1481 987 Ju-

96 986 247 1045 dicio
280 988 516 1068 privato
552 981 779 1044 causam
803 981 1185 1046 defenderem
1210 1030 1230 1059 ,
1274 1006 1476 1049 nonne
1489 998 1500 1027 ·'

93 1070 280 1127 omnis
306 1064 508 1126 nostra
536 1068 595 1125 in
626 1062 753 1143 jure
786 1063 1008 1125 versata
1037 1064 1303 1127 defensio
1344 1065 1426 1128 est
1446 1067 1495 1128 ³·

94 1147 292 1229 Quum
325 1149 495 1209 enim
519 1145 737 1205 Marius
759 1142 1133 1206 Gratidianus
1163 1147 1319 1209 aedes
1345 1147 1479 1209 Au-

94 1247 224 1290 ratae
249 1224 609 1291 vendidiffet
637 1270 657 1300 ‚
689 1245 882 1307 neque
908 1225 1124 1288 servire
1160 1228 1496 1308 quamdam‘
1525 1236 1532 1243 ”

97 1329 289 1370 earum
307 1309 528 1370 aedium
588 1323 770 1367 artem
785 1309 845 1366 in
861 1309 1131 1403 mancipii
1148 1307 1283 1404 lege
1304 1308 1476 1369 dixis-

97 1390 174 1452 set
206 1412 227 1465 ;
280 1388 549 1451 defende
593 1409 753 1448 amus
770 1433 795 1460 ,
834 1388 1117 1470 quidquid
1158 1388 1354 1450 fmss‘et-
1383 1392 1496 1449 in·-

99 1470 403 1532 commodi
428 1472 490 1529 in
514 1469 703 1528 manci
747 1471 806 1528 io
826 1513 850 1542 ,
879 1468 942 1527 id
977 1470 1027 1526 si
1053 1467 1333 1527 venditor
1346 1466 1502 1529 scis-¹

97 1550 210 1624 set,
235 1565 441 1634 nequ‘e
465 1549 692 1612 declara
734 1565 797 1609 et
817 1593 837 1623 ‚
868 1544 1135 1630 praestare
1154 1547 1394 1610 debere.

181 1652 314 1713 179.
367 1630 517 1712 Quo
558 1629 798 1711 quidem
832 1631 895 1688 in
929 1648 1146 1710 genere
1187 1627 1480 1692 familiaris

98 1712 284 1775 noster
329 1710 428 1773 M.
469 1710 842 1785 Bucculeius‚
883 1709 1070 1770 homo
1107 1729 1300 1792 neque
1334 1731 1477 1781 meo

96 1793 309 1873 judicio
342 1791 547 1854 stultus
567 1836 586 1866 ,
619 1792 685 1852 &
716 1790 819 1851 suo
845 1791 1020 1852 valde
1045 1790 1266 1871 sapiens
1287 1837 1310 1864 ,
1350 1793 1416 1854 &
1442 1815 1498 1856 a·

96 1873 231 1957 juris
272 1875 475 1937 studio
517 1892 641 1933 non
682 1871 1004 1932 abhorrens
1033 1917 1054 1946 ‚
1099 1872 1277 1933 ..simili
1317 1875 1377 1933 in
1410 1888 1506 1936 re*

100 1956 363 2038 quodam
384 1952 569 2015 modo
605 1973 792 2033 nuper
823 1954 1059 2014 erravit.
1120 1950 1277 2013 Nam
1297 1974 1479 2036 quum

101 2037 247 2098 aedes
290 2038 373 2099 L.
401 2032 569 2095 Fufio
604 2033 926 2108 venderet,
967 2035 1030 2093 in
1064 2035 1356 2115 mancipio
1384 2035 1481 2094 lu·-

101 2121 252 2178 mina
274 2164 296 2193 ,
331 2119 423 2177 uti
458 2133 587 2174 tum
615 2114 833 2187 essent,
873 2115 953 2173 ita
986 2116 1226 2194 recepit.
1285 2113 1506 2175 Fufius·
1559 2190 1562 2193 Ι

102 2218 296 2260 antem
320 2243 345 2272 ‚
391 2195 560 2257 simul
589 2211 762 2275 atque
797 2193 1066 2253 aedificari
1101 2214 1194 2252 coe
1237 2211 1362 2253 tum
1397 2194 1482 2256 est

100 2282 157 2339 in
233 2277 458 2340 uadam
530 2291 651 2336 arte
674 2274 829 2334 urbis
850 2319 874 2346 ‚
912 2295 1039 2357 quae
1063 2294 1164 2333 mo
1208 2273 1247 2332 ὸ
1274 2275 1483 2337 ex-illis

101 2383 147 2420 ae
190 2363 202 2374 '
250 2382 323 2421 us
370 2378 442 2418 co
505 2359 620 2439 pici
712 2356 856 2417 offer
878 2399 899 2428 ,
955 2358 1077 2437 egit
1122 2351 1309 2414 statim
1348 2375 1484 2418 cum

103 2438 427 2502 Bucculeio
459 2483 480 2511 ‚
534 2438 655 2519 qub
733 2483 754 2511 ‚
806 2438 1147 2517 cuicumque
1187 2437 1508 2517 particulae·

103 2522 237 2582 coeli
252 2517 593 2583 efficeretur
610 2563 631 2592 ‚
658 2518 920 2599 quamvis
935 2516 1075 2580 effet
1099 2517 1340 2599 procul,
1361 2539 1510 2579 mue

105 2605 210 2662 tari
238 2603 463 2663 lumina
484 2600 749 2696 putabat.

192 2682 331 2744 180.
376 2680 551 2763 Quid
585 2677 777 2742 verb?
823 2677 930 2739 Μ’.
966 2674 1133 2737 Curii
1167 2674 1332 2736 causa
1352 2720 1372 2750 ‚
1421 2677 1492 2738 &

107 2761 198 2826 M.
229 2761 501 2847 Coponii
524 2779 717 2846 nuper
737 2758 897 2843 apud
913 2759 1349 2832 centumviros,
1369 2777 1489 2841 quo
