2017 3634
463 284 621 372 '372
728 271 916 342 DE
990 271 1358 343 CzAssa
1417 290 1552 342 IS

436 388 629 450 'Nihil
660 387 789 450 sane
812 433 830 462 ‚
866 390 1052 471 inquit
1084 388 1291 450 Brutus
1324 435 1343 465 ,
1373 378 1565 474 &lund
1602 376 1847 470 c'pfidem

443 488 565 531 -aut
603 487 663 531 tu
701 470 897 531 audire
927 470 1074 534 velis
1090 500 1117 544 ,-
1156 487 1253 531 aut
1278 490 1396 555 ego
1419 493 1529 554 pro
1561 487 1733 532 certo
1760 472 1850 531 di·

439 568 603 613 ‘cere
635 551 902 613 audeam.
1040 582 1049 589 ·
1378 582 1383 593 ·
1520 568 1526 577 ¹
1624 564 1631 569 ’
1672 592 1681 597 -
1774 564 1817 597 ’·

559 649 649 692 11.
690 630 851 694 Tum
888 632 1116 694 Atticus
1144 678 1164 708 ‚
1210 632 1349 706 Ee,
1394 634 1618 715 inquit,
1662 632 1743 691 ad
1788 647 1853 700 ῳ

463 715 666 774 animo
684 717 949 775 venimus
965 760 985 789 ,
1020 731 1083 774 ut
1108 715 1182 774 de
1203 714 1497 796 republica
1517 712 1664 775 effet
1681 714 1852 773 silen-

439 796 611 855 ‘tium
633 840 654 870 ‚
697 796 762 857 &
796 796 1010 877 aliquid
1045 793 1369 856 audiremus
1406 795 1600 876 potius
1618 812 1717 854 ex
1752 806 1850 869 te,

465 875 646 957 quem
676 893 736 938 te
789 874 1147 937 afficeremus
1204 875 1320 937 ulla
1367 872 1652 951 molestia.
1713 873 1852 935 Vos

440 957 616 1018 ζνει-ἔ)
635 1002 654 1031 ,
692 960 924 1039 inquam
948 1003 967 1031 ‚
987 956 1208 1018 Attice
1223 1002 1242 1031 ,
1262 957 1344 1017 ’δι
1373 954 1727 1038 praesentem
1750 974 1847 1017 me

441 1037 606 1098 ‘cura
632 1038 833 1099 levatis
858 1083 876 1112 ‚
897 1039 979 1098 ³&
1016 1038 1234 1099 absenti
1259 1056 1354 1097 rna
1399 1059 1472 1098 na
1498 1037 1707 1098 solatia
1742 1037 1847 1097 de-

463 1116 658 1178 distis:
696 1140 832 1179 nam
853 1117 1055 1179 vestris
1080 1121 1329 1202 primum
1358 1058 1575 1180 {itteris
1607 1136 1853 1180 recreat-

466 1213 597 1273 tus‚
634 1219 730 1261 me
763 1199 836 1260 ad
868 1198 1102 1281 pristina
1130 1198 1309 1261 studia
1339 1201 1641 1262 revocavi.
1685 1197 1846 1261 Tum

465 1279 565 1342 ille
582 1326 602 1354 ‚
632 1280 718 1342 Le
759 1283 772 1296 '
797 1326 816 1356 ,
841 1283 1028 1364 inquit
1045 1327 1066 1356 ,
1099 1281 1475 1363 perlubenter
1497 1279 1806 1364 epistolam
1824 1324 1844 1355 ,

469 1381 644 1444 quam
672 1384 706 1422 a
777 1377 837 1424 te
857 1362 1067 1433 Brutus
1080 1365 1240 1435 ‚misit
1257 1382 1330 1424 ex
1349 1360 1493 1439 Asia
1510 1407 1534 1434 ,
1564 1362 1685 1444 qua
1706 1361 1847 1422 mihi

439 1441 620 1505 ’visus
642 1443 723 1505 est
749 1444 814 1504 δ(
840 1450 1086 1506 monere
1106 1461 1166 1505 te
1187 1443 1504 1526 prudenter
1533 1444 1602 1505 &
1623 1441 1851 1504 conso·

469 1522 576 1585 lari
597 1527 953 1588 amicissime.

561 1625 652 1667 η.
682 1605 876 1680 ,Reae
895 1652 916 1680 ,
947 1609 1182 1688 inquam
1204 1651 1222 1679 ‚
1252 1604 1334 1667 est
1356 1603 1543 1667 visus:
1580 1627 1720 1666 nam
1743 1626 1854 1666 me

466 1682 582 1745 istis
604 1686 742 1746 scito
762 1687 994 1758 litteris„
1025 1708 1095 1747 ex
1118 1687 1381 1747 diuturna
1402 1687 1849 1767 perturbatione

467 1767 644 1825 totius
682 1765 1026 1828 valetudinis
1063 1783 1358 1849 tamquam
1403 1767 1478 1826 'ad
1516 1767 1847 1849 adspicien-

465 1844 605 1905 dam
626 1845 814 1908 lucem
839 1846 953 1909 esse
978 1865 1339 1909 revocatum.
1384 1845 1589 1928 Atque
1617 1866 1682 1908 ut
1711 1846 1854 1929 post

467 1924 836 1988 Cannensem
851 1928 1015 1988 illam
1023 1929 1403 1990 calamitatem
1419 1931 1671 2009 primum
1685 1928 1849 1988 Mar-

466 2007 602 2068 celli
641 2009 716 2069 ad
752 2007 970 2068 Nolam
1007 2009 1219 2090 proelio
1243 2055 1264 2085 ,
1316 2009 1568 2092 populus
1606 2009 1664 2071 se
1704 2008 1850 2070 Ro-

462 2106 669 2149 manus
716 2091 898 2150 erexit
937 2134 958 2164 ‚
1028 2089 1344 2172 posteaque
1406 2089 1698 2172 prosperae
1744 2111 1849 2152 res

462 2168 745 2252 deinceps
782 2170 977 2231 multae
1015 2171 1334 2233 consecutae
1374 2169 1546 2245 sunt;
1588 2174 1669 2231 sic
1706 2171 1852 2252 post

461 2270 657 2312 rerum
688 2249 1006 2313 nostrarum
1038 2254 1099 2314 &
1133 2254 1526 2314 communium
1564 2254 1847 2335 gravissi-

445 2351 596 2394 ·mos
637 2331 791 2393 casus
815 2379 833 2407 ‚
867 2334 1006 2392 nihil
1030 2350 1160 2394 ante
1186 2331 1486 2414 epistolam
1513 2330 1674 2392 Bruti
1693 2335 1846 2395 mihi

457 2412 672 2473 accidit
694 2458 715 2484 ,
742 2414 903 2494 quod
923 2413 1138 2497 vellem
1163 2460 1184 2486 ,
1222 2431 1321 2477 aut
1353 2413 1514 2496 qued
1549 2412 1739 2496 aliqua
1764 2434 1843 2476 ex

458 2509 627 2576 parte
656 2492 1067 2554 sollicitudines
1087 2494 1363 2569 allevaret
1385 2514 1567 2555 meas·

553 2591 644 2653 13.
685 2572 843 2635 Tum
874 2573 1118 2649 Brutu3‚
1157 2574 1340 2638 Volui
1363 2576 1422 2635 id
1491 2576 1686 2636 uidem
1713 2574 1844 2636 effi-

444 2672 596 2716 ·cere
621 2654 811 2731 certe,
860 2656 924 2717 &
956 2659 1125 2738 capit>¹
1157 2668 1457 2739 magnum‘
1513 2657 1745 2729 uerum,
1790 2660 1837 2717 si

458 2735 760 2815 quidem,·
810 2738 932 2799 uod
966 2739 1164 2812 volui,
1197 2754 1355 2799 tanta
1379 2738 1438 2798 in
1465 2759 1528 2799 re
1557 2737 1838 2799 consecu-

456 2828 545 2877 tus
577 2817 721 2882 sum.
828 2820 901 2885 ed
944 2819 1085 2883 scire
1117 2821 1289 2901 cupio
1309 2863 1335 2893 ,
1382 2840 1512 2902 quae
1545 2837 1607 2883 te
1645 2814 1837 2880 Attici
