2017 3634
504 272 667 367 ·364.
810 268 967 337 DE
1039 264 1587 335 ORATORE

501 385 686 446 ‹vendi
707 428 726 457 ‚
762 404 826 443 ac
852 379 1169 462 posteritati
1192 376 1547 450 ostenditur,
1575 394 1642 440 ut
1670 398 1867 440 eorum

507 468 718 527 civium
740 509 760 536 ‚
798 483 947 542 quos
979 459 1158 519 nostri
1190 475 1383 539 patres
1424 481 1545 519 non
1583 460 1867 534 tulerunt,

505 543 623 625 jam
655 544 867 604 similes
902 541 1121 601 habere
1147 542 1461 619 cupiamus,
1509 540 1730 616 Mitte,
1767 542 1870 600 ob·

505 626 703 698 secto,
746 625 969 704 inquit,
1015 618 1248 693 Crasse,
1289 619 1505 693 Julius,
1539 620 1865 682 sermonem

504 704 715 778 istum,
760 705 825 764 &
872 719 933 763 te
980 702 1057 761 ad
1097 699 1348 761 Gracchi
1389 698 1636 761 fistulam
1688 702 1832 762 refer
1847 722 1868 775 3

504 783 668 863 cujus
722 803 837 867 ego
889 782 1157 845 nondum
1206 781 1378 862 plane
1433 784 1729 844 rationem
1779 784 1866 842 in·-

504 867 625 929 teni
668 888 728 927 o.

588 947 637 1009 L
700 946 743 1006 1.
789 943 856 1005 In
886 945 1049 1005 omni
1071 963 1261 1016 voce,
1286 943 1471 1023 inquit
1492 940 1763 1014 CraffuS,
1792 939 1866 1002 est

499 1028 780 1109 quiddam
812 1026 1071 1085 medium
1092 1069 1114 1096 ‚
1152 1023 1252 1084 sed
1288 1021 1449 1083 suum
1474 1024 1684 1104 cuique
1705 1026 1862 1084 voci:

493 1111 639 1169 hinc
686 1106 967 1190 gradatim
998 1103 1352 1167 adscendere
1389 1123 1607 1164 vocem
1643 1105 1784 1165 utile
1807 1104 1865 1164 &

504 1189 676 1249 suave
695 1185 774 1249 est
798 1208 812 1246 :
849 1206 981 1245 nam
1002 1207 1036 1244 a
1051 1187 1334 1266 principio
1352 1184 1636 1258 clamare,
1657 1183 1865 1267 agreste

505 1269 779 1352 quiddam
815 1265 929 1327 est:
981 1266 1047 1326 &
1079 1265 1220 1327 illud
1255 1265 1413 1325 idem
1435 1264 1507 1324 ad
1534 1263 1863 1325 firmandam

503 1349 588 1411 est
609 1360 841 1410 ‘voc‘em
880 1346 1138 1407 salutare.
1200 1344 1441 1407 Deinde
1477 1343 1559 1405 est
1597 1346 1864 1426 quiddam

505 1430 899 1493 contentionis
936 1445 1261 1491 extremum
1282 1471 1301 1501 ,
1348 1425 1508 1507 quod
1548 1443 1746 1487 tamen
1782 1429 1865 1486 in·

499 1515 681 1573 terius
720 1509 837 1583 est,
882 1507 1056 1593 quam
1082 1509 1434 1569 mitissimus
1461 1506 1717 1581 clamor,
1755 1507 1865 1588 quo

504 1609 568 1653 te
593 1591 772 1652 fistula
803 1588 1082 1671 progredi
1111 1608 1233 1649 non
1261 1589 1437 1658 sinen
1473 1586 1537 1649 δε
1569 1603 1765 1649 tamen
1796 1587 1863 1648 ab

500 1671 623 1753 ipsa
653 1671 1035 1732 contentione
1060 1668 1383 1729 revocabit.
1434 1665 1532 1727 Est
1559 1670 1705 1730 item
1730 1689 1866 1727 con-

493 1751 593 1812 tra
638 1750 917 1833 quiddam
950 1751 1008 1809 in
1049 1751 1387 1809 remissione
1430 1749 1863 1830 gravissimum,

503 1831 739 1914 quoque
780 1848 1077 1912 tamquam
1114 1827 1385 1890 sonorum
1430 1828 1699 1911 gradibus
1737 1829 1864 1890 des-

505 1913 790 1975 cenditur.
840 1911 984 1973 Haec
1002 1912 1252 1971 varietas
1269 1953 1289 1982 ‚
1330 1910 1394 1968 &
1417 1909 1507 1969 hic
1534 1930 1640 1990 per
1668 1928 1862 1971 omnes

502 1992 679 2052 sonos
724 1994 889 2053 vocis
944 1988 1133 2049 cursus
1162 2035 1183 2064 ‚
1244 1991 1310 2049 &
1356 1988 1411 2049 se
1455 1990 1752 2066 tuebitur,
1803 1990 1864 2050 &-

505 2072 716 2134 affloni
741 2069 941 2132 afferet
957 2069 1319 2132 suavitatem.
1361 2068 1480 2131 Sed
1503 2069 1862 2132 fistulatorem

508 2153 672 2214 domi
695 2153 1066 2233 relinquetis3
1107 2150 1325 2213 sensum
1362 2149 1530 2229 hujus
1565 2152 1863 2213 consuetu-

508 2235 654 2296 dinis
682 2234 983 2296 vobiscum
1008 2233 1084 2292 ad
1109 2231 1302 2295 forum
1332 2231 1631 2292 deferetis.

592 2316 730 2376 228.
767 2314 939 2374 Edidi
974 2335 1102 2395 quae
1140 2315 1346 2393 potui,
1400 2334 1521 2373 non
1566 2330 1632 2373 ut
1668 2313 1860 2386 volui,

497 2397 604 2458 sed
648 2415 711 2456 ut
763 2415 859 2456 me
905 2397 1191 2474 temporis
1229 2390 1497 2475 angustiae
1534 2398 1861 2490 coegerunt.

506 2477 723 2539 Scitum
759 2475 840 2536 est
868 2477 1021 2534 enim
1039 2518 1057 2547 ‚
1095 2471 1320 2533 causam
1353 2473 1621 2535 conferre
1647 2497 1708 2535 m
1730 2491 1862 2534 tem-

495 2572 613 2641 pus
635 2604 653 2632 ‚
695 2575 871 2639 quum
911 2550 1114 2614 afferre
1151 2553 1316 2636 plura
1337 2599 1356 2628 ,
1396 2557 1444 2613 si
1475 2557 1670 2635 cupias
1693 2602 1713 2630 ,
1748 2574 1859 2613 nou

507 2659 705 2721 queas.
764 2635 862 2696 Tu
900 2635 1092 2711 verb,
1143 2637 1325 2715 inquit
1359 2631 1602 2696 Catulus
1628 2680 1647 2710 ,
1688 2634 1862 2695 colle·-

505 2719 629 2801 gisti
669 2721 865 2781 omnia
896 2763 914 2791 ‚
967 2716 1247 2798 quantum
1293 2735 1409 2798 ego
1449 2714 1674 2798 possum
1708 2713 1858 2795 judi-

507 2804 680 2875 care',
713 2803 801 2866 ita.
824 2800 1135 2884 divinitus)
1172 2814 1237 2863 ut
1267 2817 1392 2861 non
1419 2817 1455 2859 a
1489 2795 1707 2863 Graecis
1728 2793 1865 2857 didi·
