2017 3634
457 294 661 363 ''Lt
714 292 768 362 ‘1'3
824 314 975 364 ER
1055 296 1183 372 II.
1403 317 1545 393 125

151 428 165 437 ·
248 428 347 489 32.
390 407 485 469 Ut
509 408 682 490 igitur
717 406 793 467 de
831 406 956 489 ipso
980 406 1204 492 genere
1240 409 1362 471 sum
1400 426 1548 474 con-'-

156 489 331 553 feffus
360 536 380 565 ‚
432 491 619 571 inquit
655 488 991 561 Antonius,
1045 509 1229 553 artem
1267 491 1381 554 effe
1421 500 1545 555 nori

157 574 482 632 maximam
520 592 536 630 z
603 572 685 630 sic
726 568 867 629 illud
911 569 1136 631 affirmo
1170 618 1188 646 ‚
1248 590 1543 657 praecepta

156 651 324 736 poss’e
367 650 635 735 quaedam
673 649 796 710 dari
834 670 1112 731 peracuta
1160 654 1235 711 ad
1281 673 1540 735 pertrac-

150 733 380 794 tandos
401 734 630 792 animos
655 730 959 791 hominum
984 777 1001 805 ,
1044 733 1110 791 &
1146 734 1219 793 ad
1254 738 1547 817 excipien-

152 815 263 874 'dasi
291 832 504 875 eorum
530 812 885 873 voluntates.
933 810 1124 891 Hujus
1147 817 1230 875 rei
1250 813 1541 878 scientiam

150 897 355 977 siquis
376 894 548 955 volet
578 913 851 976 magnam
919 894 1189 954 uamdam
1219 912 1404 957 artem
1425 897 1540 959 effe

148 976 362 1037 dicere
391 1019 411 1049 ‚
446 988 585 1047 ,non
638 994 898 1056 repugna
942 996 1000 1035 0.
1070 973 1306 1037 Etenim
1402 998 1542 1039 uum

146 1057 306 1139 pleri
354 1076 428 1115 ue
456 1056 680 1116 temere
719 1076 786 1115 ac
824 1055 978 1115 nulla
1009 1058 1233 1118 ratione
1263 1079 1367 1119 cau
1393 1081 1452 1119 as
1475 1063 1537 1122 iu

152 1137 294 1199 foro
344 1139 552 1209 ,icant3
577 1135 844 1195 nonnulli
874 1153 1068 1197 autem
1098 1155 1343 1220 propter
1371 1161 1540 1202 exer-

153 1220 503 1279 citationem
520 1261 541 1288 ,
559 1232 657 1276 ant
676 1230 920 1298 propter
935 1216 1412 1280 consuetudinem
1435 1222 1541 1283 ali-

154 1320 337 1381 quam
367 1298 624 1358 callidius
647 1297 707 1357 id
733 1297 976 1371 faciant;
1010 1318 1133 1359 non
1160 1299 1242 1361 est
1259 1300 1538 1377 dubium}

148 1381 297 1462 quin
318 1425 338 1454 ‚
370 1381 418 1438 si
443 1381 566 1460 quis
586 1378 1056 1457 animadverterit
1070 1425 1089 1455 ,
1110 1381 1247 1461 quid
1267 1384 1337 1441 sit
1360 1394 1537 1464 quare'

152 1461 252 1521 alii
274 1461 485 1521 melius
509 1459 685 1543 quam
716 1460 813 1519 alii
838 1459 1033 1519 dicant
1053 1505 1077 1531 ,
1113 1461 1175 1519 id
1203 1464 1387 1541 possit
1418 1482 1540 1523 nod·

146 1557 298 1601 tare.
365 1539 526 1623 Ergo
560 1540 619 1599 id
651 1541 750 1622 qui
782 1556 916 1599 toto
945 1540 1006 1598 in
1039 1551 1255 1621 genere
1284 1540 1529 1619 fecerit,

148 1624 198 1682 is
218 1625 265 1681 si
291 1642 417 1681 non
437 1621 608 1701 plane
627 1640 810 1681 artem
826 1665 846 1696 ‚
875 1636 934 1680 at
957 1623 1121 1703 quasi
1137 1638 1321 1684 artem
1341 1632 1540 1707 quam?-

152 1702 295 1763 dam
328 1703 641 1762 invenerit.
1515 1712 1526 1725 '

276 1801 338 1863 3.
380 1780 581 1864 Atque
621 1782 880 1857 utinam,
917 1799 983 1843 ut
1024 1780 1167 1846 mihi
1200 1785 1297 1846 illa
1321 1786 1558 1850 videre}>

136 1867 208 1926 vi
255 1885 369 1926 eor
398 1866 460 1923 in
491 1862 624 1926 foro
661 1880 832 1946 atque
866 1867 926 1922 in
965 1869 1145 1924 causis
1167 1910 1186 1939 ‚
1224 1869 1303 1926 ita
1334 1889 1483 1929 nunc
1509 1915 1533 1945 ,

139 1944 654 2029 quemadmodum
699 1964 770 2005 ea
813 1948 1204 2026 reperirentur
1236 1992 1256 2024 ‚
1303 1947 1529 2029 poss'em‘

142 2027 324 2088 vobis
361 2024 698 2105 exponere!
733 2024 851 2086 Sed
880 2026 957 2086 de
982 2047 1079 2086 me
1097 2027 1338 2088 videro:
1373 2042 1530 2092 nune

145 2107 264 2169 hoc
300 2127 617 2188 propono,
653 2105 813 2187 quod
843 2107 982 2165 mihi
1007 2106 1291 2187 persuasi,
1323 2130 1535 2191 quam·

142 2192 237 2249 vis
277 2209 372 2246 ars
411 2209 533 2246 non
560 2188 675 2260 sit,
714 2205 912 2246 tamen
939 2187 1080 2245 nihil
1114 2186 1228 2248 esse
1265 2189 1529 2269 perfeRo

138 2287 393 2330 oratore
413 2268 754 2349 praeclarius.
801 2266 957 2326 Nam
980 2311 1000 2339 ‚
1031 2283 1095 2326 ut
1110 2266 1274 2327 usum
1297 2269 1527 2332 dicendi

143 2352 424 2411 omittam
447 2393 465 2420 ‚
507 2350 686 2429 quiin
714 2349 876 2408 omni
906 2363 1109 2427 pacata
1147 2347 1414 2411 &libera
1447 2355 1533 2412 cia-

136 2435 335 2491 vitate
370 2429 743 2502 dominatur,
797 2443 955 2488 tanta
993 2426 1308 2490 obleRatio
1349 2429 1433 2492 est
1468 2436 1528 2496 in

138 2512 265 2594 ipsa
313 2509 591 2569 facultate
632 2508 900 2582 dicendi,
946 2525 1009 2569 ut
1041 2510 1190 2570 -nihil
1223 2511 1527 2577 hominum

138 2609 246 2651 aut
276 2591 515 2652 auribus
551 2605 646 2649 aut
668 2589 954 2651 mentibus
975 2589 1277 2671 jucundius
1305 2599 1528 2678 percipi

136 2674 358 2755 possit.

228 2771 330 2834 34.
367 2751 500 2832 Qui
537 2751 693 2811 enim
724 2764 923 2811 cantus
954 2749 1274 2811 moderatae
1311 2756 1530 2812 oratio*-

130 2835 227 2905 *ἐς
244 2833 735 2921 pronuntiatione
763 2832 993 2903 dulcior,
1012 2833 1257 2977 invelnitgi
1268 2832 1472 2922 ‘potest
1483 2839 1523 2907 Ι,

1226 2937 1282 2996 uJ
