2017 3634
442 268 591 345 L2I
647 266 1152 339 nea-111:
1359 292 1495 367 291

106 384 366 459 feriati,
428 401 589 444 totos
634 381 691 444 se
737 383 832 444 alii
869 383 945 444 ad
986 389 1238 467 poetar»,
1298 389 1393 450 alii
1438 392 1514 453 ad

106 482 464 550 geometras
487 511 508 540 ,
564 464 659 524 alii
695 464 772 524 ad
808 470 1059 527 musicos
1094 471 1515 547 contulerunt,

112 551 224 608 alii
264 549 489 620 etiam,
530 562 596 604 ut
632 545 911 607 dialefflci
934 593 951 621 ,
988 570 1214 610 novum
1255 552 1363 612 sibi
1405 555 1518 635 ipsi

118 628 381 690 studium
430 626 747 709 ludumque
797 647 1193 708 pepererunt,
1236 649 1410 716 atque
1452 638 1513 696 in

124 712 197 773 iis
234 709 496 782 artibus,
529 729 658 790 quae
685 725 935 789 repertae
976 709 1104 770 sunt
1130 756 1150 785 ‚
1190 729 1255 771 ut
1292 735 1516 795 puero-
1553 766 1563 777 ,

124 811 264 861 ,rum
312 808 542 851 mentes
587 788 663 850 ad
702 788 1124 851 humanitatem
1162 790 1517 874 fingerentur

120 891 308 955 »atque
330 872 609 937 virtutem
626 912 647 944 ‚
672 889 850 933 omne
872 889 1105 953 tempus
1125 891 1301 956 atque
1319 892 1516 940 aetates

118 954 259 1015 -suas
299 950 798 1033 consumpserunt.

212 1033 392 1097 XVI.
433 1032 553 1094 Sed
602 1032 763 1114 quod
796 1042 959 1094 erant
992 1034 1230 1115 quidam
1267 1081 1289 1112 ,
1356 1039 1511 1121 iique

122 1117 344 1189 multi,
378 1116 479 1197 qui
512 1130 609 1173 aut
652 1115 711 1172 in
745 1115 1039 1196 republica
1077 1135 1320 1199 propter
1353 1124 1517 1181 anci-

130 1204 377 1279 pitem„
403 1217 531 1277 quae
561 1215 683 1254 non
719 1194 912 1275 potest
948 1195 1062 1257 effe
1098 1197 1350 1280 sejunQa
1373 1246 1392 1275 ‚
1429 1202 1519 1264 fa·

137 1278 374 1349 ciendi,
416 1275 764 1357 dicendique
784 1274 839 1335 sa
882 1278 1118 1338 ientiam
1142 1324 1161 1354 ‚
1199 1281 1514 1358 florerent,

136 1378 201 1420 ut
236 1354 666 1419 Themistocles
690 1400 709 1430 ‚
753 1374 817 1414 ut
901 1358 1144 1432 ericles‚
1183 1377 1246 1419 ut
1283 1360 1518 1422 Thera-

134 1459 386 1512 menes3
425 1455 525 1498 aut
548 1483 568 1512 ‚
606 1439 707 1519 qui
744 1439 931 1498 minus
971 1439 1082 1518 ipsi
1119 1442 1177 1498 in
1217 1461 1281 1500 re
1326 1442 1516 1504 ublica

124 1520 542 1592 xersen-entur,
571 1517 671 1578 sed
703 1515 873 1598 hujus
906 1533 1107 1579 tamen
1141 1516 1273 1598 ejus
1308 1541 1397 1581 em
1436 1521 1523 1583 sa..

124 1604 373 1685 pientiae
398 1599 673 1662 ὀοξὶοτεε
691 1596 874 1669 effent
892 1644 911 1673 ‚
936 1615 999 1657 ut
1017 1597 1271 1683 Gorgias
1290 1646 1309 1676 ‚
1337 1600 1522 1664 Thra·

126 1683 487 1766 symachus,
530 1679 812 1743 Isocrates
854 1701 869 1740 ε
927 1681 1152 1741 inventi
1194 1680 1319 1743 sunt
1345 1728 1365 1758 ‚
1416 1687 1517 1767 qui

128 1787 314 1848 quum
342 1764 453 1845 ipsi
478 1761 740 1823 desti-ina
764 1762 829 1831 ,δι
858 1764 1105 1844 ingeniis
1133 1762 1515 1841 abundarent,

130 1869 174 1907 a
213 1868 277 1907 re
320 1865 516 1907 autem
550 1844 756 1913 civili,
811 1844 878 1901 &
924 1865 955 1901 a
995 1847 1289 1926 negotiis,
1340 1849 1518 1909 animi

140 1927 399 2009 quodam
436 1923 655 2005 judicio
677 1970 697 1998 ‚
740 1924 1124 1986 abhorrerent
1157 1968 1176 2000 ,
1227 1926 1374 1989 hanc
1423 1929 1520 1989 di·-

136 2009 313 2070 cendi
358 2009 833 2067 exercitationem
876 2009 1235 2088 exagitarent
1267 2053 1287 2083 ‚
1337 2027 1516 2092 atque

130 2104 633 2153 contemnet-ente}
675 2104 921 2168 quorum
948 2091 1221 2170 princeps
1243 2088 1517 2152 Socrates

130 2171 244 2233 suit
261 2216 284 2245 ‚
312 2171 365 2233 is
386 2215 406 2244 ‚
488 2171 549 2231 ui
572 2171 839 2235 omnium
858 2167 1222 2239 eruditorum
1252 2169 1518 2233 testimo-

138 2255 274 2327 nio,
301 2253 413 2313 tot‘
479 2266 592 2331 que
613 2247 834 2329 judicio
865 2245 1146 2321 Graeciae,
1178 2268 1357 2329 quum
1385 2272 1523 2332 pru-

133 2333 373 2406 dentia,
405 2331 471 2397 &
495 2332 756 2393 acumine
777 2372 797 2402 ,
832 2329 897 2389 &
921 2327 1224 2389 venustate
1243 2373 1263 2403 ‚
1297 2330 1362 2390 δι
1389 2330 1524 2392 sub-

131 2414 349 2477 tilitate
368 2457 388 2487 ‚
420 2428 557 2479 «tum
580 2411 729 2473 verb
767 2409 1104 2491 eloquentia
1127 2455 1148 2484 ,
1189 2412 1471 2474 varietate
1497 2458 1519 2490 ,

132 2496 351 2577 copia,
376 2513 555 2574 quam
571 2492 628 2555 se
649 2510 898 2573 eumque
916 2494 973 2555 in
995 2507 1225 2573 partem
1246 2492 1521 2573 dediss'et,

136 2580 407 2637 omnium
431 2572 731 2635 fuit'facile
759 2576 1052 2653 princeps·
1492 2642 1495 2647 ⁴

154 2704 165 2718 ,
218 2658 325 2719 60.
368 2655 485 2719 Hic
525 2658 635 2728 iis,
679 2657 783 2735 qui
815 2651 937 2712 haec
964 2694 988 2725 ‚
1036 2672 1167 2734 quae
1210 2675 1320 2717 nos
1362 2676 1517 2716 nunc

143 2742 448 2818 qum-imus
467 2781 488 2813 ,
514 2735 862 2809 trafihrent,
894 2739 1169 2815 agerent,
1202 2733 1519 2812 docerent,

139 2838 318 2900 quum
366 2819 610 2885 nomine
654 2815 1086 2900 appellarentur
1125 2834 1258 2958 ffq·
1276 2861 1297 2889 ‚
1358 2817 1518 2898 quod

1222 2916 1264 2977 ¹]
