<?xml version="1.0" encoding="UTF-8"?>
<!DOCTYPE html PUBLIC "-//W3C//DTD XHTML 1.0 Transitional//EN"
    "http://www.w3.org/TR/xhtml1/DTD/xhtml1-transitional.dtd">
<html xmlns="http://www.w3.org/1999/xhtml" xml:lang="en" lang="en">
 <head>
  <title>
</title>
<meta http-equiv="Content-Type" content="text/html;charset=utf-8" />
  <meta name='ocr-system' content='tesseract 3.04.00' />
  <meta name='ocr-capabilities' content='ocr_page ocr_carea ocr_par ocr_line ocrx_word'/>
</head>
<body>
  <div class='ocr_page' id='page_1' title='image "./mtulliiciceroni18unkngoog_0240.png"; bbox 0 0 2017 3634; ppageno 0'>
   <div class='ocr_carea' id='block_1_1' title="bbox 498 229 1570 325">
    <p class='ocr_par' dir='ltr' id='par_1_1' title="bbox 498 229 1570 325">
     <span class='ocr_line' id='line_1_1' title="bbox 498 229 1570 325; baseline -0.003 -24"><span class='ocrx_word' id='word_1_1' title='bbox 498 229 652 325; x_wconf 82' lang='lat'>236</span> <span class='ocrx_word' id='word_1_2' title='bbox 799 231 956 301; x_wconf 67' lang='lat' dir='ltr'>DE</span> <span class='ocrx_word' id='word_1_3' title='bbox 1014 231 1570 303; x_wconf 65' lang='lat' dir='ltr'>ORAroRz</span> 
     </span>
    </p>
   </div>
   <div class='ocr_carea' id='block_1_2' title="bbox 484 343 1869 2762">
    <p class='ocr_par' dir='ltr' id='par_1_2' title="bbox 488 343 1869 751">
     <span class='ocr_line' id='line_1_2' title="bbox 493 343 1867 428; baseline 0.001 -23"><span class='ocrx_word' id='word_1_4' title='bbox 493 343 751 428; x_wconf 80' lang='lat' dir='ltr'>fugiendi</span> <span class='ocrx_word' id='word_1_5' title='bbox 796 344 970 407; x_wconf 89' lang='lat' dir='ltr'>hostis</span> <span class='ocrx_word' id='word_1_6' title='bbox 1003 391 1025 422; x_wconf 90' lang='lat'><strong>,</strong></span> <span class='ocrx_word' id='word_1_7' title='bbox 1076 345 1175 407; x_wconf 88' lang='lat' dir='ltr'>sed</span> <span class='ocrx_word' id='word_1_8' title='bbox 1221 345 1488 428; x_wconf 76' lang='lat' dir='ltr'>capiendi</span> <span class='ocrx_word' id='word_1_9' title='bbox 1529 343 1653 405; x_wconf 90' lang='lat' dir='ltr'>loci</span> <span class='ocrx_word' id='word_1_10' title='bbox 1700 345 1867 406; x_wconf 58' lang='lat' dir='ltr'>causi</span> 
     </span>
     <span class='ocr_line' id='line_1_3' title="bbox 492 423 1868 510; baseline -0.001 -24"><span class='ocrx_word' id='word_1_11' title='bbox 492 423 718 488; x_wconf 82' lang='lat' dir='ltr'><strong>cessisse</strong></span> <span class='ocrx_word' id='word_1_12' title='bbox 740 426 959 488; x_wconf 80' lang='lat' dir='ltr'>videar.</span> <span class='ocrx_word' id='word_1_13' title='bbox 998 427 1269 490; x_wconf 83' lang='lat' dir='ltr'><strong>Alterum</strong></span> <span class='ocrx_word' id='word_1_14' title='bbox 1288 424 1370 488; x_wconf 86' lang='lat' dir='ltr'>est</span> <span class='ocrx_word' id='word_1_15' title='bbox 1384 425 1550 499; x_wconf 87' lang='lat' dir='ltr'>illud,</span> <span class='ocrx_word' id='word_1_16' title='bbox 1565 426 1733 506; x_wconf 90' lang='lat' dir='ltr'>quod</span> <span class='ocrx_word' id='word_1_17' title='bbox 1758 447 1868 510; x_wconf 86' lang='lat' dir='ltr'><strong>ego</strong></span> 
     </span>
     <span class='ocr_line' id='line_1_4' title="bbox 492 506 1869 587; baseline 0.001 -22"><span class='ocrx_word' id='word_1_18' title='bbox 492 509 713 567; x_wconf 76' lang='lat' dir='ltr'>oratori</span> <span class='ocrx_word' id='word_1_19' title='bbox 730 510 978 569; x_wconf 71' lang='lat' dir='ltr'><strong>maxime</strong></span> <span class='ocrx_word' id='word_1_20' title='bbox 994 508 1323 569; x_wconf 85' lang='lat' dir='ltr'>cavendum</span> <span class='ocrx_word' id='word_1_21' title='bbox 1345 507 1409 567; x_wconf 87' lang='lat'>&amp;</span> <span class='ocrx_word' id='word_1_22' title='bbox 1429 506 1869 587; x_wconf 82' lang='lat' dir='ltr'>providendum</span> 
     </span>
     <span class='ocr_line' id='line_1_5' title="bbox 490 586 1864 670; baseline 0.003 -26"><span class='ocrx_word' id='word_1_23' title='bbox 490 603 673 666; x_wconf 87' lang='lat' dir='ltr'>puto,</span> <span class='ocrx_word' id='word_1_24' title='bbox 699 588 977 670; x_wconf 88' lang='lat' dir='ltr'>quodque</span> <span class='ocrx_word' id='word_1_25' title='bbox 998 610 1095 649; x_wconf 85' lang='lat' dir='ltr'><strong>me</strong></span> <span class='ocrx_word' id='word_1_26' title='bbox 1116 586 1422 648; x_wconf 85' lang='lat' dir='ltr'>sollicitare</span> <span class='ocrx_word' id='word_1_27' title='bbox 1441 586 1667 647; x_wconf 80' lang='lat' dir='ltr'>summe</span> <span class='ocrx_word' id='word_1_28' title='bbox 1685 587 1864 648; x_wconf 83' lang='lat' dir='ltr'><strong>solet:</strong></span> 
     </span>
     <span class='ocr_line' id='line_1_6' title="bbox 488 667 1865 751; baseline 0.004 -27"><span class='ocrx_word' id='word_1_29' title='bbox 488 687 612 726; x_wconf 85' lang='lat' dir='ltr'>non</span> <span class='ocrx_word' id='word_1_30' title='bbox 629 684 752 729; x_wconf 85' lang='lat' dir='ltr'>tam</span> <span class='ocrx_word' id='word_1_31' title='bbox 777 686 843 733; x_wconf 87' lang='lat' dir='ltr'>ut</span> <span class='ocrx_word' id='word_1_32' title='bbox 862 673 1083 751; x_wconf 85' lang='lat' dir='ltr'>prosim</span> <span class='ocrx_word' id='word_1_33' title='bbox 1101 672 1281 729; x_wconf 84' lang='lat' dir='ltr'>causis</span> <span class='ocrx_word' id='word_1_34' title='bbox 1296 713 1316 742; x_wconf 92' lang='lat'>‚</span> <span class='ocrx_word' id='word_1_35' title='bbox 1345 669 1652 729; x_wconf 82' lang='lat' dir='ltr'><strong>elaborare</strong></span> <span class='ocrx_word' id='word_1_36' title='bbox 1671 667 1833 730; x_wconf 90' lang='lat' dir='ltr'><strong>soleo</strong></span> <span class='ocrx_word' id='word_1_37' title='bbox 1845 714 1865 743; x_wconf 89' lang='lat'>‚</span> 
     </span>
    </p>

    <p class='ocr_par' dir='ltr' id='par_1_3' title="bbox 488 747 1868 1074">
     <span class='ocr_line' id='line_1_7' title="bbox 532 747 1868 833; baseline 0.003 -28"><span class='ocrx_word' id='word_1_38' title='bbox 532 747 667 809; x_wconf 58' lang='lat' dir='ltr'>uem</span> <span class='ocrx_word' id='word_1_39' title='bbox 696 767 761 809; x_wconf 88' lang='lat' dir='ltr'>ut</span> <span class='ocrx_word' id='word_1_40' title='bbox 794 772 870 811; x_wconf 85' lang='lat' dir='ltr'><strong>ne</strong></span> <span class='ocrx_word' id='word_1_41' title='bbox 906 751 1047 833; x_wconf 86' lang='lat' dir='ltr'>quid</span> <span class='ocrx_word' id='word_1_42' title='bbox 1075 751 1306 823; x_wconf 80' lang='lat' dir='ltr'>obsim3</span> <span class='ocrx_word' id='word_1_43' title='bbox 1342 771 1463 809; x_wconf 90' lang='lat' dir='ltr'>non</span> <span class='ocrx_word' id='word_1_44' title='bbox 1483 752 1623 830; x_wconf 81' lang='lat' dir='ltr'>quin</span> <span class='ocrx_word' id='word_1_45' title='bbox 1645 752 1868 810; x_wconf 83' lang='lat' dir='ltr'><strong>eniten-</strong></span> 
     </span>
     <span class='ocr_line' id='line_1_8' title="bbox 488 768 1867 913; baseline 0.004 -27"><span class='ocrx_word' id='word_1_46' title='bbox 488 768 633 889; x_wconf 60' lang='lat' dir='ltr'>dum</span> <span class='ocrx_word' id='word_1_47' title='bbox 664 833 736 891; x_wconf 79' lang='lat' dir='ltr'>sit</span> <span class='ocrx_word' id='word_1_48' title='bbox 765 833 829 893; x_wconf 85' lang='lat' dir='ltr'>in</span> <span class='ocrx_word' id='word_1_49' title='bbox 864 848 1150 913; x_wconf 86' lang='lat' dir='ltr'>utroque:</span> <span class='ocrx_word' id='word_1_50' title='bbox 1197 829 1298 891; x_wconf 88' lang='lat' dir='ltr'>sed</span> <span class='ocrx_word' id='word_1_51' title='bbox 1337 848 1538 891; x_wconf 83' lang='lat' dir='ltr'><strong>tamen</strong></span> <span class='ocrx_word' id='word_1_52' title='bbox 1564 830 1755 891; x_wconf 70' lang='lat' dir='ltr'>multb</span> <span class='ocrx_word' id='word_1_53' title='bbox 1789 827 1867 891; x_wconf 90' lang='lat' dir='ltr'>est</span> 
     </span>
     <span class='ocr_line' id='line_1_9' title="bbox 492 908 1862 990; baseline 0.003 -22"><span class='ocrx_word' id='word_1_54' title='bbox 492 911 713 990; x_wconf 85' lang='lat' dir='ltr'>turpius</span> <span class='ocrx_word' id='word_1_55' title='bbox 762 915 979 972; x_wconf 83' lang='lat' dir='ltr'>oratori</span> <span class='ocrx_word' id='word_1_56' title='bbox 1013 958 1034 986; x_wconf 84' lang='lat'><strong><em>‚</em></strong></span> <span class='ocrx_word' id='word_1_57' title='bbox 1091 908 1347 973; x_wconf 83' lang='lat' dir='ltr'><strong>nocuiffe</strong></span> <span class='ocrx_word' id='word_1_58' title='bbox 1394 911 1584 983; x_wconf 75' lang='lat' dir='ltr'>videri</span> <span class='ocrx_word' id='word_1_59' title='bbox 1633 910 1812 972; x_wconf 81' lang='lat' dir='ltr'>causae</span> <span class='ocrx_word' id='word_1_60' title='bbox 1839 957 1862 987; x_wconf 87' lang='lat'>‚</span> 
     </span>
     <span class='ocr_line' id='line_1_10' title="bbox 491 990 1216 1074; baseline 0.008 -26"><span class='ocrx_word' id='word_1_61' title='bbox 491 990 665 1071; x_wconf 64' lang='lat' dir='ltr'>quium</span> <span class='ocrx_word' id='word_1_62' title='bbox 702 1014 823 1052; x_wconf 86' lang='lat' dir='ltr'>non</span> <span class='ocrx_word' id='word_1_63' title='bbox 855 990 1149 1074; x_wconf 66' lang='lat' dir='ltr'>profuisse.</span> <span class='ocrx_word' id='word_1_64' title='bbox 1210 1008 1216 1015; x_wconf 85' lang='grc'>·</span> 
     </span>
    </p>

    <p class='ocr_par' dir='ltr' id='par_1_4' title="bbox 484 1070 1868 2762">
     <span class='ocr_line' id='line_1_11' title="bbox 575 1070 1866 1155; baseline 0.003 -24"><span class='ocrx_word' id='word_1_65' title='bbox 575 1070 847 1135; x_wconf 89' lang='lat' dir='ltr'>LXXIII.</span> <span class='ocrx_word' id='word_1_66' title='bbox 893 1073 1013 1138; x_wconf 85' lang='lat' dir='ltr'>Sed</span> <span class='ocrx_word' id='word_1_67' title='bbox 1052 1073 1194 1155; x_wconf 85' lang='lat' dir='ltr'>quid</span> <span class='ocrx_word' id='word_1_68' title='bbox 1230 1073 1344 1133; x_wconf 88' lang='lat' dir='ltr'>hoc</span> <span class='ocrx_word' id='word_1_69' title='bbox 1382 1072 1518 1133; x_wconf 88' lang='lat' dir='ltr'><strong>loco</strong></span> <span class='ocrx_word' id='word_1_70' title='bbox 1562 1094 1680 1134; x_wconf 83' lang='lat' dir='ltr'>vos</span> <span class='ocrx_word' id='word_1_71' title='bbox 1719 1074 1866 1135; x_wconf 72' lang='lat' dir='ltr'><strong>inter</strong></span> 
     </span>
     <span class='ocr_line' id='line_1_12' title="bbox 489 1149 1865 1228; baseline 0.004 -19"><span class='ocrx_word' id='word_1_72' title='bbox 489 1172 601 1210; x_wconf 84' lang='lat' dir='ltr'>vos</span> <span class='ocrx_word' id='word_1_73' title='bbox 618 1197 636 1225; x_wconf 91' lang='lat'><strong>,</strong></span> <span class='ocrx_word' id='word_1_74' title='bbox 666 1149 877 1214; x_wconf 81' lang='lat' dir='ltr'>Catule</span> <span class='ocrx_word' id='word_1_75' title='bbox 902 1152 924 1214; x_wconf 86' lang='lat'>?</span> <span class='ocrx_word' id='word_1_76' title='bbox 953 1177 1028 1214; x_wconf 85' lang='lat' dir='ltr'>an</span> <span class='ocrx_word' id='word_1_77' title='bbox 1048 1155 1171 1214; x_wconf 86' lang='lat' dir='ltr'>haec</span> <span class='ocrx_word' id='word_1_78' title='bbox 1190 1199 1212 1228; x_wconf 89' lang='lat'><strong><em>‚</em></strong></span> <span class='ocrx_word' id='word_1_79' title='bbox 1244 1172 1307 1214; x_wconf 87' lang='lat' dir='ltr'>ut</span> <span class='ocrx_word' id='word_1_80' title='bbox 1325 1152 1451 1213; x_wconf 89' lang='lat' dir='ltr'>sunt</span> <span class='ocrx_word' id='word_1_81' title='bbox 1475 1171 1865 1216; x_wconf 86' lang='lat' dir='ltr'><strong>contemnen-</strong></span> 
     </span>
     <span class='ocr_line' id='line_1_13' title="bbox 490 1230 1867 1317; baseline 0.004 -27"><span class='ocrx_word' id='word_1_82' title='bbox 490 1230 566 1293; x_wconf 84' lang='lat' dir='ltr'>da</span> <span class='ocrx_word' id='word_1_83' title='bbox 588 1277 607 1304; x_wconf 89' lang='lat'>‚</span> <span class='ocrx_word' id='word_1_84' title='bbox 634 1237 1006 1297; x_wconf 84' lang='lat' dir='ltr'>contemnitis</span> <span class='ocrx_word' id='word_1_85' title='bbox 1029 1235 1051 1294; x_wconf 84' lang='lat'>?</span> <span class='ocrx_word' id='word_1_86' title='bbox 1078 1234 1327 1295; x_wconf 72' lang='lat' dir='ltr'>Minime</span> <span class='ocrx_word' id='word_1_87' title='bbox 1347 1280 1366 1309; x_wconf 92' lang='lat'><strong>‚</strong></span> <span class='ocrx_word' id='word_1_88' title='bbox 1397 1237 1580 1317; x_wconf 82' lang='lat' dir='ltr'>inquit</span> <span class='ocrx_word' id='word_1_89' title='bbox 1605 1235 1738 1296; x_wconf 86' lang='lat' dir='ltr'><strong>ille:</strong></span> <span class='ocrx_word' id='word_1_90' title='bbox 1767 1234 1867 1296; x_wconf 87' lang='lat' dir='ltr'>sed</span> 
     </span>
     <span class='ocr_line' id='line_1_14' title="bbox 492 1308 1866 1397; baseline 0 -20"><span class='ocrx_word' id='word_1_91' title='bbox 492 1308 685 1377; x_wconf 83' lang='lat' dir='ltr'>Caesar</span> <span class='ocrx_word' id='word_1_92' title='bbox 724 1314 798 1376; x_wconf 89' lang='lat' dir='ltr'>de</span> <span class='ocrx_word' id='word_1_93' title='bbox 843 1315 951 1376; x_wconf 85' lang='lat' dir='ltr'>isto</span> <span class='ocrx_word' id='word_1_94' title='bbox 987 1315 1110 1397; x_wconf 90' lang='lat' dir='ltr'>ipso</span> <span class='ocrx_word' id='word_1_95' title='bbox 1153 1315 1431 1397; x_wconf 86' lang='lat' dir='ltr'>quiddam</span> <span class='ocrx_word' id='word_1_96' title='bbox 1470 1315 1629 1376; x_wconf 76' lang='lat' dir='ltr'><strong>velle</strong></span> <span class='ocrx_word' id='word_1_97' title='bbox 1672 1317 1866 1378; x_wconf 83' lang='lat' dir='ltr'>dicere</span> 
     </span>
     <span class='ocr_line' id='line_1_15' title="bbox 490 1393 1864 1477; baseline 0.001 -23"><span class='ocrx_word' id='word_1_98' title='bbox 490 1393 815 1457; x_wconf 83' lang='lat' dir='ltr'>videbatur.</span> <span class='ocrx_word' id='word_1_99' title='bbox 877 1396 984 1458; x_wconf 89' lang='lat' dir='ltr'><strong>Me</strong></span> <span class='ocrx_word' id='word_1_100' title='bbox 1010 1398 1157 1458; x_wconf 79' lang='lat' dir='ltr'><strong>verb</strong></span> <span class='ocrx_word' id='word_1_101' title='bbox 1195 1397 1474 1470; x_wconf 88' lang='lat' dir='ltr'><strong>lubente,</strong></span> <span class='ocrx_word' id='word_1_102' title='bbox 1513 1399 1701 1477; x_wconf 89' lang='lat' dir='ltr'>inquit</span> <span class='ocrx_word' id='word_1_103' title='bbox 1730 1398 1864 1458; x_wconf 83' lang='lat' dir='ltr'><strong>An·-</strong></span> 
     </span>
     <span class='ocr_line' id='line_1_16' title="bbox 491 1476 1866 1554; baseline 0 -13"><span class='ocrx_word' id='word_1_104' title='bbox 491 1478 682 1541; x_wconf 74' lang='lat' dir='ltr'>tonius</span> <span class='ocrx_word' id='word_1_105' title='bbox 703 1523 723 1552; x_wconf 90' lang='lat'>‚</span> <span class='ocrx_word' id='word_1_106' title='bbox 749 1478 992 1553; x_wconf 81' lang='lat' dir='ltr'>dixerit,</span> <span class='ocrx_word' id='word_1_107' title='bbox 1020 1480 1144 1547; x_wconf 78' lang='lat' dir='ltr'><strong>sive</strong></span> <span class='ocrx_word' id='word_1_108' title='bbox 1170 1476 1477 1545; x_wconf 78' lang='lat' dir='ltr'><strong>tefellendi</strong></span> <span class='ocrx_word' id='word_1_109' title='bbox 1502 1479 1678 1538; x_wconf 65' lang='lat' dir='ltr'><strong>causa</strong></span> <span class='ocrx_word' id='word_1_110' title='bbox 1695 1524 1716 1554; x_wconf 93' lang='lat'><strong>,</strong></span> <span class='ocrx_word' id='word_1_111' title='bbox 1744 1481 1866 1541; x_wconf 81' lang='lat' dir='ltr'><strong>sive</strong></span> 
     </span>
     <span class='ocr_line' id='line_1_17' title="bbox 494 1559 1864 1638; baseline 0.004 -22"><span class='ocrx_word' id='word_1_112' title='bbox 494 1559 808 1638; x_wconf 76' lang='lat' dir='ltr'><strong>quaerendi.</strong></span> <span class='ocrx_word' id='word_1_113' title='bbox 1857 1632 1864 1638; x_wconf 40' lang='grc'><em>,</em></span> 
     </span>
     <span class='ocr_line' id='line_1_18' title="bbox 494 1636 1868 1724; baseline -0.002 -21"><span class='ocrx_word' id='word_1_114' title='bbox 494 1672 509 1703; x_wconf 87' lang='grc'>.·</span> <span class='ocrx_word' id='word_1_115' title='bbox 578 1639 715 1716; x_wconf 84' lang='lat'><strong>296.</strong></span> <span class='ocrx_word' id='word_1_116' title='bbox 755 1638 915 1701; x_wconf 87' lang='lat' dir='ltr'>Tum</span> <span class='ocrx_word' id='word_1_117' title='bbox 940 1636 1324 1724; x_wconf 73' lang='lat' dir='ltr'>Julius‚.Ego</span> <span class='ocrx_word' id='word_1_118' title='bbox 1363 1638 1740 1715; x_wconf 80' lang='lat' dir='ltr'><strong>mehercule,</strong></span> <span class='ocrx_word' id='word_1_119' title='bbox 1779 1642 1868 1700; x_wconf 86' lang='lat' dir='ltr'>in-</span> 
     </span>
     <span class='ocr_line' id='line_1_19' title="bbox 489 1717 1868 1803; baseline 0.004 -27"><span class='ocrx_word' id='word_1_120' title='bbox 489 1719 646 1796; x_wconf 86' lang='lat' dir='ltr'>quit,</span> <span class='ocrx_word' id='word_1_121' title='bbox 671 1717 933 1794; x_wconf 85' lang='lat' dir='ltr'>Antoni,</span> <span class='ocrx_word' id='word_1_122' title='bbox 963 1720 1190 1803; x_wconf 87' lang='lat' dir='ltr'><strong>semper</strong></span> <span class='ocrx_word' id='word_1_123' title='bbox 1211 1724 1257 1781; x_wconf 88' lang='lat' dir='ltr'>is</span> <span class='ocrx_word' id='word_1_124' title='bbox 1285 1720 1397 1796; x_wconf 83' lang='lat' dir='ltr'>fui,</span> <span class='ocrx_word' id='word_1_125' title='bbox 1424 1721 1524 1803; x_wconf 87' lang='lat' dir='ltr'>qui</span> <span class='ocrx_word' id='word_1_126' title='bbox 1550 1720 1627 1781; x_wconf 88' lang='lat' dir='ltr'>de</span> <span class='ocrx_word' id='word_1_127' title='bbox 1651 1737 1712 1782; x_wconf 88' lang='lat' dir='ltr'><strong>te</strong></span> <span class='ocrx_word' id='word_1_128' title='bbox 1732 1743 1868 1783; x_wconf 85' lang='lat' dir='ltr'>ora-</span> 
     </span>
     <span class='ocr_line' id='line_1_20' title="bbox 487 1800 1867 1880; baseline 0.005 -24"><span class='ocrx_word' id='word_1_129' title='bbox 487 1812 620 1867; x_wconf 79' lang='lat' dir='ltr'><strong>tore</strong></span> <span class='ocrx_word' id='word_1_130' title='bbox 657 1801 735 1861; x_wconf 85' lang='lat' dir='ltr'>sic</span> <span class='ocrx_word' id='word_1_131' title='bbox 767 1800 1180 1880; x_wconf 74' lang='lat' dir='ltr'>praedicarem,</span> <span class='ocrx_word' id='word_1_132' title='bbox 1216 1823 1397 1864; x_wconf 86' lang='lat' dir='ltr'>unum</span> <span class='ocrx_word' id='word_1_133' title='bbox 1429 1818 1490 1862; x_wconf 87' lang='lat' dir='ltr'><strong>te</strong></span> <span class='ocrx_word' id='word_1_134' title='bbox 1518 1804 1579 1862; x_wconf 88' lang='lat' dir='ltr'>in</span> <span class='ocrx_word' id='word_1_135' title='bbox 1606 1801 1867 1864; x_wconf 81' lang='lat' dir='ltr'>dicendo</span> 
     </span>
     <span class='ocr_line' id='line_1_21' title="bbox 486 1878 1866 1965; baseline 0.004 -25"><span class='ocrx_word' id='word_1_136' title='bbox 486 1878 627 1940; x_wconf 86' lang='lat' dir='ltr'>mihi</span> <span class='ocrx_word' id='word_1_137' title='bbox 651 1880 838 1941; x_wconf 83' lang='lat' dir='ltr'>videri</span> <span class='ocrx_word' id='word_1_138' title='bbox 860 1882 1274 1958; x_wconf 74' lang='lat' dir='ltr'><strong>tefflssimum3</strong></span> <span class='ocrx_word' id='word_1_139' title='bbox 1299 1885 1721 1965; x_wconf 85' lang='lat' dir='ltr'>propriumque</span> <span class='ocrx_word' id='word_1_140' title='bbox 1750 1883 1866 1945; x_wconf 86' lang='lat' dir='ltr'>hoc</span> 
     </span>
     <span class='ocr_line' id='line_1_22' title="bbox 487 1956 1866 2046; baseline 0.006 -28"><span class='ocrx_word' id='word_1_141' title='bbox 487 1956 602 2019; x_wconf 85' lang='lat' dir='ltr'>effe</span> <span class='ocrx_word' id='word_1_142' title='bbox 625 1959 808 2022; x_wconf 81' lang='lat' dir='ltr'>laudis</span> <span class='ocrx_word' id='word_1_143' title='bbox 830 1980 942 2025; x_wconf 84' lang='lat' dir='ltr'>tuae</span> <span class='ocrx_word' id='word_1_144' title='bbox 962 2011 987 2039; x_wconf 75' lang='lat'>,</span> <span class='ocrx_word' id='word_1_145' title='bbox 1007 1964 1145 2026; x_wconf 86' lang='lat' dir='ltr'>nihil</span> <span class='ocrx_word' id='word_1_146' title='bbox 1171 1986 1208 2025; x_wconf 82' lang='lat' dir='ltr'>a</span> <span class='ocrx_word' id='word_1_147' title='bbox 1231 1980 1291 2027; x_wconf 87' lang='lat' dir='ltr'><strong>te</strong></span> <span class='ocrx_word' id='word_1_148' title='bbox 1312 1985 1587 2046; x_wconf 81' lang='lat' dir='ltr'>umquam</span> <span class='ocrx_word' id='word_1_149' title='bbox 1612 1962 1729 2025; x_wconf 83' lang='lat' dir='ltr'>effe</span> <span class='ocrx_word' id='word_1_150' title='bbox 1751 1965 1866 2026; x_wconf 84' lang='lat' dir='ltr'>dic-</span> 
     </span>
     <span class='ocr_line' id='line_1_23' title="bbox 485 2043 1863 2127; baseline 0.009 -29"><span class='ocrx_word' id='word_1_151' title='bbox 485 2055 651 2117; x_wconf 86' lang='lat' dir='ltr'>tum,</span> <span class='ocrx_word' id='word_1_152' title='bbox 697 2044 859 2125; x_wconf 87' lang='lat' dir='ltr'>quod</span> <span class='ocrx_word' id='word_1_153' title='bbox 908 2043 1131 2108; x_wconf 81' lang='lat' dir='ltr'><strong>obeffet</strong></span> <span class='ocrx_word' id='word_1_154' title='bbox 1168 2047 1263 2120; x_wconf 87' lang='lat' dir='ltr'>ei,</span> <span class='ocrx_word' id='word_1_155' title='bbox 1306 2066 1415 2127; x_wconf 88' lang='lat' dir='ltr'>pro</span> <span class='ocrx_word' id='word_1_156' title='bbox 1456 2066 1576 2126; x_wconf 88' lang='lat' dir='ltr'>quo</span> <span class='ocrx_word' id='word_1_157' title='bbox 1616 2046 1863 2111; x_wconf 82' lang='lat' dir='ltr'>diceres.</span> 
     </span>
     <span class='ocr_line' id='line_1_24' title="bbox 484 2117 1860 2207; baseline 0.004 -24"><span class='ocrx_word' id='word_1_158' title='bbox 484 2117 671 2203; x_wconf 87' lang='lat' dir='ltr'>quue</span> <span class='ocrx_word' id='word_1_159' title='bbox 703 2127 987 2188; x_wconf 65' lang='lat' dir='ltr'><strong>memoria</strong></span> <span class='ocrx_word' id='word_1_160' title='bbox 1016 2144 1197 2188; x_wconf 86' lang='lat' dir='ltr'><strong>teneo</strong></span> <span class='ocrx_word' id='word_1_161' title='bbox 1222 2171 1245 2198; x_wconf 92' lang='lat'><strong><em>,</em></strong></span> <span class='ocrx_word' id='word_1_162' title='bbox 1282 2146 1458 2207; x_wconf 85' lang='lat' dir='ltr'>quum</span> <span class='ocrx_word' id='word_1_163' title='bbox 1492 2126 1633 2185; x_wconf 87' lang='lat' dir='ltr'>mihi</span> <span class='ocrx_word' id='word_1_164' title='bbox 1667 2124 1860 2188; x_wconf 82' lang='lat' dir='ltr'><strong>sermo</strong></span> 
     </span>
     <span class='ocr_line' id='line_1_25' title="bbox 486 2203 1863 2288; baseline 0.004 -27"><span class='ocrx_word' id='word_1_165' title='bbox 486 2223 620 2264; x_wconf 88' lang='lat' dir='ltr'>cum</span> <span class='ocrx_word' id='word_1_166' title='bbox 649 2203 764 2265; x_wconf 91' lang='lat' dir='ltr'>hoc</span> <span class='ocrx_word' id='word_1_167' title='bbox 796 2206 918 2288; x_wconf 86' lang='lat' dir='ltr'>ipso</span> <span class='ocrx_word' id='word_1_168' title='bbox 956 2205 1156 2269; x_wconf 85' lang='lat' dir='ltr'>Craffo</span> <span class='ocrx_word' id='word_1_169' title='bbox 1176 2251 1198 2278; x_wconf 90' lang='lat'>‚</span> <span class='ocrx_word' id='word_1_170' title='bbox 1231 2207 1421 2266; x_wconf 84' lang='lat' dir='ltr'>multis</span> <span class='ocrx_word' id='word_1_171' title='bbox 1457 2205 1863 2282; x_wconf 75' lang='lat' dir='ltr'>audientibu5‚</span> 
     </span>
     <span class='ocr_line' id='line_1_26' title="bbox 485 2281 1861 2369; baseline 0.004 -26"><span class='ocrx_word' id='word_1_172' title='bbox 485 2281 627 2353; x_wconf 84' lang='lat' dir='ltr'><strong>esset</strong></span> <span class='ocrx_word' id='word_1_173' title='bbox 657 2285 732 2346; x_wconf 92' lang='lat' dir='ltr'>de</span> <span class='ocrx_word' id='word_1_174' title='bbox 758 2303 818 2348; x_wconf 87' lang='lat' dir='ltr'><strong>te</strong></span> <span class='ocrx_word' id='word_1_175' title='bbox 862 2286 1181 2362; x_wconf 71' lang='lat' dir='ltr'>institutus,</span> <span class='ocrx_word' id='word_1_176' title='bbox 1222 2284 1557 2368; x_wconf 73' lang='lat' dir='ltr'>Crassusque</span> <span class='ocrx_word' id='word_1_177' title='bbox 1598 2288 1861 2369; x_wconf 83' lang='lat' dir='ltr'>plurimis</span> 
     </span>
     <span class='ocr_line' id='line_1_27' title="bbox 485 2366 1861 2448; baseline 0.004 -25"><span class='ocrx_word' id='word_1_178' title='bbox 485 2366 683 2424; x_wconf 56' lang='lat' dir='ltr'><strong>verbi&amp;</strong></span> <span class='ocrx_word' id='word_1_179' title='bbox 705 2366 1099 2448; x_wconf 85' lang='lat' dir='ltr'><strong>eloquentiam</strong></span> <span class='ocrx_word' id='word_1_180' title='bbox 1129 2368 1388 2431; x_wconf 77' lang='lat' dir='ltr'>laudaret</span> <span class='ocrx_word' id='word_1_181' title='bbox 1413 2385 1573 2428; x_wconf 79' lang='lat' dir='ltr'>tuam</span> <span class='ocrx_word' id='word_1_182' title='bbox 1596 2413 1615 2441; x_wconf 92' lang='lat'>‚</span> <span class='ocrx_word' id='word_1_183' title='bbox 1661 2367 1861 2430; x_wconf 78' lang='lat' dir='ltr'>dixisse</span> 
     </span>
     <span class='ocr_line' id='line_1_28' title="bbox 484 2448 1864 2518; baseline 0.007 -15"><span class='ocrx_word' id='word_1_184' title='bbox 484 2465 583 2504; x_wconf 84' lang='lat' dir='ltr'><strong>me</strong></span> <span class='ocrx_word' id='word_1_185' title='bbox 599 2489 618 2518; x_wconf 90' lang='lat'>,</span> <span class='ocrx_word' id='word_1_186' title='bbox 649 2467 783 2507; x_wconf 87' lang='lat' dir='ltr'>cum</span> <span class='ocrx_word' id='word_1_187' title='bbox 809 2452 1014 2508; x_wconf 81' lang='lat' dir='ltr'><strong>ceteris</strong></span> <span class='ocrx_word' id='word_1_188' title='bbox 1039 2452 1147 2508; x_wconf 73' lang='lat' dir='ltr'>tuis</span> <span class='ocrx_word' id='word_1_189' title='bbox 1168 2448 1428 2509; x_wconf 86' lang='lat' dir='ltr'>laudibus</span> <span class='ocrx_word' id='word_1_190' title='bbox 1447 2450 1595 2509; x_wconf 85' lang='lat' dir='ltr'><strong>hanc</strong></span> <span class='ocrx_word' id='word_1_191' title='bbox 1621 2448 1740 2509; x_wconf 81' lang='lat' dir='ltr'>effe</span> <span class='ocrx_word' id='word_1_192' title='bbox 1762 2449 1864 2511; x_wconf 86' lang='lat' dir='ltr'><strong>vel</strong></span> 
     </span>
     <span class='ocr_line' id='line_1_29' title="bbox 484 2528 1864 2612; baseline 0.003 -25"><span class='ocrx_word' id='word_1_193' title='bbox 484 2528 840 2601; x_wconf 84' lang='lat' dir='ltr'>maximam,</span> <span class='ocrx_word' id='word_1_194' title='bbox 882 2529 1042 2609; x_wconf 58' lang='lat' dir='ltr'>qued</span> <span class='ocrx_word' id='word_1_195' title='bbox 1096 2551 1216 2589; x_wconf 86' lang='lat' dir='ltr'>non</span> <span class='ocrx_word' id='word_1_196' title='bbox 1257 2528 1443 2590; x_wconf 70' lang='lat' dir='ltr'>solum</span> <span class='ocrx_word' id='word_1_197' title='bbox 1495 2528 1658 2611; x_wconf 89' lang='lat' dir='ltr'>quod</span> <span class='ocrx_word' id='word_1_198' title='bbox 1705 2552 1864 2612; x_wconf 87' lang='lat' dir='ltr'>opus</span> 
     </span>
     <span class='ocr_line' id='line_1_30' title="bbox 486 2604 1862 2695; baseline 0.005 -29"><span class='ocrx_word' id='word_1_199' title='bbox 486 2604 664 2681; x_wconf 73' lang='lat' dir='ltr'><strong>estet,</strong></span> <span class='ocrx_word' id='word_1_200' title='bbox 704 2608 962 2685; x_wconf 73' lang='lat' dir='ltr'><strong>dicere5‚</strong></span> <span class='ocrx_word' id='word_1_201' title='bbox 1000 2609 1102 2673; x_wconf 88' lang='lat' dir='ltr'>sed</span> <span class='ocrx_word' id='word_1_202' title='bbox 1132 2614 1309 2674; x_wconf 85' lang='lat' dir='ltr'><strong>etiam</strong></span> <span class='ocrx_word' id='word_1_203' title='bbox 1342 2611 1504 2695; x_wconf 91' lang='lat' dir='ltr'>quod</span> <span class='ocrx_word' id='word_1_204' title='bbox 1542 2632 1668 2673; x_wconf 87' lang='lat' dir='ltr'>non</span> <span class='ocrx_word' id='word_1_205' title='bbox 1707 2632 1862 2695; x_wconf 80' lang='lat' dir='ltr'>opus</span> 
     </span>
     <span class='ocr_line' id='line_1_31' title="bbox 488 2684 1083 2762; baseline 0.01 -13"><span class='ocrx_word' id='word_1_206' title='bbox 488 2684 662 2762; x_wconf 86' lang='lat' dir='ltr'><strong>esset,</strong></span> <span class='ocrx_word' id='word_1_207' title='bbox 693 2711 815 2750; x_wconf 85' lang='lat' dir='ltr'>non</span> <span class='ocrx_word' id='word_1_208' title='bbox 844 2691 1083 2755; x_wconf 75' lang='lat' dir='ltr'><strong>diceres-</strong></span> 
     </span>
    </p>
   </div>
   <div class='ocr_carea' id='block_1_3' title="bbox 488 2770 1864 2861">
    <p class='ocr_par' dir='ltr' id='par_1_5' title="bbox 488 2770 1864 2861">
     <span class='ocr_line' id='line_1_32' title="bbox 488 2770 1864 2861; baseline -0.001 -23"><span class='ocrx_word' id='word_1_209' title='bbox 488 2830 497 2838; x_wconf 88' lang='lat'><strong><em>.</em></strong></span> <span class='ocrx_word' id='word_1_210' title='bbox 571 2786 708 2853; x_wconf 77' lang='lat'>297.</span> <span class='ocrx_word' id='word_1_211' title='bbox 744 2770 903 2838; x_wconf 85' lang='lat' dir='ltr'>Tum</span> <span class='ocrx_word' id='word_1_212' title='bbox 942 2775 1105 2845; x_wconf 82' lang='lat' dir='ltr'>illum</span> <span class='ocrx_word' id='word_1_213' title='bbox 1151 2773 1291 2836; x_wconf 86' lang='lat' dir='ltr'>mihi</span> <span class='ocrx_word' id='word_1_214' title='bbox 1328 2773 1686 2861; x_wconf 67' lang='lat' dir='ltr'><strong>respondere</strong></span> <span class='ocrx_word' id='word_1_215' title='bbox 1719 2792 1864 2837; x_wconf 81' lang='lat' dir='ltr'><strong>me·-</strong></span> 
     </span>
    </p>
   </div>
  </div>
 </body>
</html>
