2017 3634
429 227 488 294 L
535 244 578 294 t
629 242 786 294 3AE
841 246 891 294 R
945 228 1165 295 IIL‘
1324 251 1467 327 311

98 342 335 427 propria
355 341 631 401 maxime.
665 339 859 402 Etiam
885 341 1077 420 major
1100 342 1183 406 est
1203 346 1300 406 illa
1322 368 1492 409 exer-

101 427 298 486 citatio
320 468 341 497 ‚
384 444 564 505 quam
603 439 868 484 extremo
913 425 1184 487 sermone
1234 427 1494 491 instruxit

103 507 401 567 Antonius
430 512 458 582 (
513 505 663 563 rimo
679 503 1008 584 rejiciebat)
1028 507 1298 569 laudandi
1319 512 1383 571 &
1402 514 1495 572 vi-

106 585 438 669 tuperandi.
471 526 633 644 {nhil
654 583 736 647 est
757 590 912 647 enim
932 588 1005 646 ad
1028 593 1492 672 exaggerandam

109 671 172 730 &
198 665 676 749 amplificandam
709 669 1046 728 orationem
1076 674 1494 735 accommoda-

105 753 214 811 tius
237 796 257 824 ‚
300 747 479 830 qnam
504 740 1072 829 ff-trumqueahorum
1111 754 1497 815 cumulatissi-

108 832 204 892 me
238 830 437 892 facere
467 826 653 910 poffe.
1070 850 1081 861 ⁵
1256 896 1263 903 ‚
1295 872 1301 880 .
1386 852 1395 863 ⁴

197 910 339 972 106.
383 909 837 991 Consequentur
865 913 1041 972 etiam
1072 913 1152 973 illi
1187 913 1303 974 loci
1334 960 1354 989 ,
1398 919 1500 998 qui

108 1013 470 1077 quamquam
489 993 718 1074 proprii
742 992 1033 1052 causarum
1049 1040 1072 1066 ‚
1092 995 1177 1054 .&
1203 995 1499 1059 inhae'ren-

108 1093 198 1137 tes
224 1078 289 1136 in
335 1094 538 1134 earum
575 1076 769 1134 nervis
810 1072 921 1134 effe
952 1075 1219 1149 debent,
1254 1095 1449 1140 tamen
1473 1126 1493 1154 ‚

111 1159 247 1240 quia
275 1155 354 1216 de
377 1153 644 1216 universa
669 1174 731 1214 re
752 1155 976 1215 “aetati
997 1155 1187 1217 solent
1204 1204 1223 1232 ,
1263 1181 1498 1221 commu-

114 1261 209 1299 nes
259 1260 295 1298 ει
337 1236 639 1298 veteribus
675 1237 961 1296 nominati
1007 1236 1135 1298 sunt
1170 1259 1186 1296 ε
1247 1260 1498 1322 quorum

116 1323 334 1400 partim
376 1318 600 1377 habent
658 1319 936 1378 vitiorum
996 1319 1061 1377 ὅ(
1120 1339 1499 1399 peccatorum

117 1408 318 1462 acrem
353 1397 668 1482 quamdam
699 1418 834 1457 cum
858 1397 1312 1479 amplificatione
1336 1406 1504 1462 incu-

116 1480 407 1542 sationem
428 1526 448 1554 ‚
484 1496 581 1541 aut
608 1480 942 1561 querelam,
972 1497 1177 1540 contra
1198 1494 1369 1562 quam
1394 1484 1506 1544 dici

119 1564 262 1623 nihil
291 1561 483 1636 solet,
518 1581 630 1622 nec
661 1559 894 1642 potest3
934 1577 998 1621 ut
1024 1564 1093 1621 ‘in
1125 1561 1502 1642 depeculato-

119 1665 283 1718 rem,
313 1646 386 1703 ‘in
421 1643 827 1724 proditorem,
862 1646 922 1703 in
951 1644 1339 1723 parricidam3
1376 1649 1507 1727 qui-

121 1726 230 1787 bus
265 1727 395 1798 uti,
431 1723 784 1784 confirmatis
823 1726 1187 1798 cdminffim,
1221 1744 1507 1808 oportet3

122 1807 293 1867 aliter
316 1808 473 1866 enim
507 1802 692 1884 jejuni
715 1804 842 1864 sunt
870 1822 1044 1886 atque
1078 1809 1300 1867 inanes.
1482 1852 1489 1859 .

218 1905 356 1962 107.
398 1886 518 1946 Alii
535 1904 734 1946 autem
751 1886 972 1946 habent
993 1887 1469 1968 deprecationem
1486 1936 1507 1964 ,

126 1984 224 2029 aut
251 1967 685 2029 miserationem
720 1988 736 2026 ι
786 1967 878 2027 alii
902 1969 1051 2028 vero
1073 1972 1201 2029 anci
1244 1972 1353 2032 ites
1385 1972 1512 2031 dis-

126 2051 506 2130 putationes,
537 2052 598 2108 in
635 2048 841 2130 quibus
874 2048 950 2108 de
985 2052 1190 2110 univer
1217 2073 1256 2110 o
1293 2072 1511 2134 genere

125 2134 190 2190 in
221 2148 535 2211 utramque
559 2145 792 2212 partem
839 2127 1023 2188 disseri
1058 2152 1129 2189 co
1177 2133 1300 2192 iose
1334 2133 1509 2192 licet:

128 2233 261 2293 quae
290 2214 631 2273 exercitatio
665 2230 818 2269 nunc
852 2210 1090 2290 propria
1201 2233 1361 2272 arum
1387 2213 1514 2293 phi-

125 2293 529 2374 losophiamm
551 2291 690 2365 ,·de
725 2291 933 2372 quibus
969 2291 1104 2348 ante
1130 2290 1292 2365 dixi,
1339 2310 1516 2374 puta-2

128 2390 227 2434 tur
251 2395 274 2447 3
311 2373 472 2459 apud
501 2375 768 2457 antiquos
793 2388 917 2431 erat
955 2377 1160 2431 eorum
1187 2418 1206 2446 ,
1238 2395 1280 2433 a
1308 2376 1515 2455 quibus

132 2457 330 2515 omnis
361 2454 440 2514 de
460 2451 981 2513 rebus-forensibus
1013 2452 1245 2515 dicendi
1277 2456 1426 2515 ratio
1451 2457 1517 2516 8(

129 2557 213 2595 co
255 2539 311 2595 ia
360 2535 688 2617 petebatur.
755 2531 858 2592 De
911 2536 1129 2594 virtute
1178 2538 1340 2598 enim
1367 2582 1385 2609 ‚
1442 2536 1517 2597 de
1566 2553 1569 2555 ’

246 2618 340 2676 cio
364 2662 384 2691 ,
411 2615 512 2676 *de
529 2636 705 2696 aequo
727 2615 799 2675 &
825 2613 992 2673 bono
1012 2658 1033 2686 ‚
1087 2615 1160 2675 de
1185 2617 1472 2699 dignitate
1497 2662 1518 2690 ,

127 2696 388 2757 utilitate
403 2742 432 2783 v,
487 2696 714 2756 honore
746 2740 764 2770 ,
815 2695 1135 2776 ignominia
1162 2739 1181 2768 ‚
1237 2700 1522 2777 praemiO‚

129 2778 321 2860 poena
340 2822 361 2855 ,
385 2774 877 2860 similibusque-de
899 2775 1115 2846 rebus·,
1139 2777 1203 2835 in
1220 2794 1524 2860 utramque
