2017 3634
475 221 631 318 348
781 224 935 293 DE
1004 220 1222 295 (2an
1260 240 1545 309 τριη-

475 336 754 399 membris
809 339 1212 401 minutioribus
1268 342 1456 400 oratio
1505 337 1587 401 est
1612 357 1647 396 ·=
1720 356 1839 419 quae

439 478 446 483 .
476 436 674 479 tamen
726 419 844 501 ipsa
897 419 1164 481 membra
1218 419 1345 481 sunt
1398 421 1653 481 numeris
1709 423 1838 482 vin-

478 498 703 561 cienda.
1790 576 1793 577 ⁷

568 599 702 661 191.
744 579 957 664 Neque
983 605 1097 644 vos
1127 604 1301 665 paeon
1324 627 1344 657 ‚
1389 598 1488 642 aut
1511 581 1727 650 herous
1750 579 1839 640 ille

475 661 821 724 conturbet:
863 667 974 745 ipsi
1009 682 1316 725 occurrent
1349 666 1604 726 orationi
1637 685 1657 723 .·
1705 665 1838 743 ipsi,
1972 640 1978 765 Ι

473 745 711 824 inquam
731 790 750 820 ,
779 743 837 806 se
861 742 1109 807 offerent
1127 790 1147 820 ‚
1185 745 1249 807 &
1269 743 1709 826 respondebunt
1729 764 1841 804 non

471 827 707 886 vocati:
744 825 1103 887 consuetudo
1138 826 1324 887 modo
1347 826 1443 886 illa
1466 826 1539 887 sit
1564 823 1841 886 scribendi
1972 784 1978 925 ⁴

476 921 652 988 atque
688 906 956 981 dicendi,
993 927 1060 968 ut
1089 905 1384 969 sententiae
1419 907 1618 968 verbis
1647 905 1840 967 finian-

468 1003 608 1062 tur,
667 1009 988 1069 eorumque
1031 989 1352 1050 verborum
1386 985 1607 1066 junffio
1652 986 1841 1049 nasca-

476 1084 572 1128 tur
610 1091 644 1128 a
676 1073 934 1150 proceris
961 1072 1212 1131 numeris
1242 1087 1313 1138 ac
1332 1070 1563 1144 liberis»,
1597 1069 1838 1130 maxime

327 1145 406 1226 Χ
475 1148 667 1209 heroo
686 1196 707 1224 ‚
741 1151 804 1210 &
827 1172 1036 1232 paeone
1058 1154 1252 1233 priore
1273 1196 1293 1225 ‚
1325 1167 1421 1215 aut
1445 1148 1693 1212 Cretico
1715 1147 1838 1225 ;sed
1972 1184 1978 1239 !

474 1231 636 1292 varie
663 1228 1034 1314 distinffiique
1065 1232 1351 1294 considat.
1405 1230 1665 1292 Notatur
1696 1234 1839 1294 enim

471 1313 726 1372 maxime
760 1313 1074 1375 similitudo
1103 1317 1162 1377 in
1189 1311 1662 1396 conquiescendo
1684 1334 1703 1373 ε
1746 1313 1840 1387 &,

472 1395 524 1452 si
562 1395 777 1474 primi,
832 1394 898 1455 &
933 1393 1213 1475 postremi
1237 1396 1319 1455 illi
1349 1395 1535 1476 pedes
1573 1393 1707 1455 sunt
1740 1393 1839 1454 hac
1972 1362 1978 1519 Ι

472 1476 704 1535 ratione
756 1474 965 1537 servati
994 1521 1019 1548 ,
1095 1476 1275 1536 medii
1328 1473 1560 1557 possunt
1616 1476 1795 1537 latere
1818 1519 1838 1550 ‚

429 1582 436 1591 ί
472 1553 672 1616 modo·
701 1576 776 1619 ne
816 1559 1079 1621 circuitus
1119 1556 1238 1638 ipse
1271 1557 1591 1621 verborum
1612 1561 1709 1619 ‘sit
1751 1574 1838 1617 aut

472 1634 750 1710 brevior,
784 1636 960 1718 quum
990 1660 1159 1700 aures
1182 1637 1553 1720 exspeflent3
1589 1657 1692 1699 aut
1716 1638 1835 1699 lon-

472 1717 624 1798 gior‚
686 1715 820 1778 uum
842 1720 994 1780 vires
1013 1736 1185 1801 atque
1206 1722 1397 1780 anima
1415 1722 1685 1802 patiatur.

455 1818 462 1827 ²
552 1796 626 1857 L.
716 1798 949 1860 lausulas
969 1818 1169 1861 autem
1184 1801 1514 1884 diligentius
1536 1798 1837 1862 etiam-ser-

466 1878 689 1938 vandas
713 1878 827 1940 effe
845 1881 1111 1955 arbitror,
1175 1882 1311 1942 niun
1325 1882 1618 1963 superiora
1637 1926 1660 1956 ‚
1729 1879 1835 1942 uod

464 1956 527 2016 in
559 1958 645 2018 his
691 1961 940 2020 maxime
978 1961 1142 2043 perfe
1188 1964 1261 2033 ,io
1283 2008 1304 2038 ,
1351 1979 1524 2044 atque
1557 1962 1696 2024 abso
1721 1964 1834 2022 utio

459 2034 785 2119 judicatur:
822 2062 959 2115 num
981 2042 1181 2103 versus
1201 2045 1363 2126 aeque
1381 2047 1567 2126 prima
1585 2088 1609 2119 ‚
1636 2044 1704 2105 &
1722 2063 1837 2104 rne-

459 2117 595 2192 dia,
636 2121 700 2183 &
723 2139 983 2184 extrema
1005 2145 1138 2205 pars
1165 2125 1510 2199 attenditur,
1551 2127 1652 2206 qui
1680 2125 1837 2187 debi-

458 2199 688 2295 ptatur,
722 2204 781 2263 in
817 2225 1178 2287 quacumque
1207 2208 1279 2265 sit
1305 2224 1467 2288 parte
1491 2207 1834 2280 titubatum;

461 2302 525 2343 an
560 2286 827 2346 oratione
873 2303 1075 2347 autem
1111 2288 1297 2367 prima
1343 2291 1511 2369 pauci
1553 2306 1832 2362 cernunt,

457 2362 761 2443 polirem).
798 2367 1100 2447 plerique:
1144 2388 1271 2448 quae
1292 2412 1313 2443 ‚
1348 2371 1627 2450 quoniam
1656 2391 1836 2451 appa-

457 2461 590 2503 rent
629 2446 693 2504 ὃ(
735 2447 1170 2535 intelliguntur,
1226 2450 1502 2510 varianda
1546 2449 1720 2525 sunt,
1765 2469 1833 2509 ne

456 2541 558 2584 aut
580 2528 904 2586 animorum
923 2526 1148 2607 judiciis
1169 2530 1545 2610 repudientur
1562 2575 1585 2607 ‚
1615 2547 1717 2591 aut
1736 2552 1833 2591 au·-

457 2604 606 2666 rium
643 2604 923 2669 satietate.

544 2704 676 2766 193.
719 2686 865 2749 Duo
890 2692 1087 2765 enim,
1126 2706 1225 2752 aut
1257 2706 1375 2752 tres
1414 2688 1541 2752 sunt
1576 2689 1701 2753 fere
1733 2712 1834 2754 ex-

447 2769 617 2828 tremi
640 2768 908 2836 servandi
942 2773 1006 2836 &
1028 2772 1271 2837 notandi
1297 2771 1483 2855 pedes
1527 2770 1613 2856 (si
1651 2774 1831 2838 modo

545 2965 561 2989 Ι
