2017 3634
468 257 608 325 L1
668 265 724 327 Β
777 276 928 327 ER
1008 262 1181 332 III.
1353 267 1507 361 287

79 372 423 457 produstis
468 376 535 434 iis
558 419 578 449 ‚
627 395 753 457 quae
798 376 1181 438 similitudinis
1223 381 1394 442 causi
1432 402 1508 443 ex

81 458 221 517 aliis
285 455 471 517 rebus
520 454 938 517 transferuntur
967 504 986 533 ‚
1042 481 1162 520 non
1208 461 1507 544 discerptis

82 537 420 600 sententiis
455 582 476 610 ‚
520 558 644 598 non
688 537 1052 620 praeposteris
1093 545 1505 624 temporibus,

87 640 227 680 non
287 616 552 678 confusis
605 618 861 700 personis
903 665 923 694 ‚
985 640 1109 681 non
1157 626 1502 703 perturbato

88 700 350 762 ordine.
413 698 581 779 Quid
605 701 787 760 multa
823 700 844 758 ἓ
883 717 1004 761 tam
1041 701 1222 764 facilis
1263 704 1343 765 est
1374 723 1501 767 tota

84 801 188 842 res
231 826 256 855 ‚
321 795 394 841 ut
441 780 584 840 mihi
628 782 948 862 permirum
996 779 1147 864 saepe
1192 786 1455 847 videatur
1478 833 1499 863 ,

88 882 299 945 quum
354 858 636 922 difficilius
683 860 1034 944 intelligatur
1057 908 1076 937 ‚
1120 865 1255 946 quid
1301 885 1502 948 patro-

86 965 204 1004 nus
230 941 395 1005 velit
419 942 644 1016 dicere,
676 943 852 1082 <guam
883 945 928 1002 si
956 944 1080 1025 ipse
1104 946 1240 1020 ine,
1267 951 1366 1030 qui
1392 970 1502 1034 pa·

86 1040 358 1087 tronum
387 1022 659 1097 adhibet,
728 1043 762 1084 e
791 1043 855 1084 re
874 1023 971 1084 sua
1001 1026 1238 1088 diceret.

187 1124 299 1188 50.
342 1102 442 1165 Isti
469 1108 625 1164 enim
648 1149 667 1178 ,
705 1105 804 1187 qui
829 1105 904 1165 ad
944 1128 1053 1167 nos
1094 1108 1286 1171 causas
1325 1110 1499 1173 defe-

87 1202 239 1248 runt
261 1231 283 1260 ‚
327 1187 414 1245 ita
455 1206 565 1246 nos
603 1185 829 1267 plerum
913 1206 946 1247 e
987 1190 1007 1246 i
1052 1190 1098 1248 si
1135 1190 1393 1265 docent,
1431 1212 1497 1255 ut

91 1289 233 1329 non
259 1264 562 1328 desideres
580 1266 803 1348 planius
867 1270 957 1327 ici.
1003 1211 1251 1331 Easdem
1274 1293 1365 1337 res
1389 1296 1500 1334 au·-

89 1365 231 1411 tem
283 1346 460 1407 simul
490 1369 567 1407 ae
604 1345 799 1407 Fufius
834 1390 854 1423 ,
908 1364 1006 1407 aut
1043 1349 1231 1412 vester
1266 1355 1497 1434 aequalis

90 1429 488 1510 Pomponius
508 1475 528 1504 ‚
548 1450 583 1487 a
625 1442 722 1489 ere
737 1431 956 1510 coepit,
990 1449 1114 1489 non
1138 1433 1333 1512 aeque,
1355 1434 1498 1514 quid

96 1511 355 1583 dicant,
396 1510 506 1568 nisi
541 1532 574 1569 a
616 1509 862 1569 modurn
895 1509 1154 1586 attendi,
1189 1513 1498 1609 intelligo;

92 1595 181 1653 ita
202 1588 454 1651 confusa
476 1587 558 1651 est
581 1592 769 1651 oratio
790 1634 810 1664 ,
837 1591 916 1651 ita
949 1592 1285 1672 perturbata
1303 1639 1322 1667 ,
1356 1595 1500 1656 nihil

94 1692 165 1735 ut
206 1674 289 1732 sit
322 1674 579 1753 primum
602 1717 622 1747 ,
664 1672 805 1731 nihil
827 1688 890 1731 ut
914 1671 1269 1734 secundum:
1302 1692 1501 1739 tanta-

96 1774 226 1850 que
262 1751 575 1813 insolentia
599 1774 669 1813 ac
690 1753 862 1813 turba
885 1753 1206 1815 verborum
1222 1802 1242 1831 ,
1267 1772 1332 1817 ut
1355 1778 1502 1819 ora-

98 1852 195 1897 tio
220 1880 244 1908 ‚
275 1855 406 1915 quae
432 1833 631 1895 lumen
659 1832 936 1895 adhibere
967 1836 1139 1896 rebus
1168 1837 1346 1899 debet
1371 1885 1389 1913 ‚
1426 1859 1500 1901 ea

101 1914 537 1978 obscuritatem
573 1916 639 1977 ὃ(
671 1915 940 1977 tenebras
959 1915 1159 1978 afferat
1177 1964 1196 1994 ‚
1230 1935 1288 1979 at
1369 1942 1406 1981 e
1433 1941 1499 1984 ut

101 1994 570 2081 quodammodo
608 1998 626 2056 i
672 1998 719 2057 si
744 1997 852 2057 sibi
889 2000 949 2058 in
983 1999 1238 2062 dicendo
1267 1941 1498 2063 o‘ffstre-

150 2098 261 2141 ere
277 2078 609 2138 videantur.
695 2080 859 2138 erum
876 2123 895 2151 ,
918 2081 963 2137 si
981 2080 1195 2160 placet,
1216 2086 1499 2164 quoniam

149 2181 240 2220 aec
266 2158 399 2219 satis
420 2157 459 2217 s
488 2179 589 2219 ero
608 2203 627 2233 ‚
653 2159 827 2218 vobis
849 2160 1086 2238 quidem
1122 2163 1279 2222 certe
1304 2162 1503 2241 majo,-

107 2240 275 2300 ribus
294 2284 314 2314 ,
348 2260 452 2300 mo
476 2237 593 2301 esta
625 2238 689 2301 δε
713 2239 914 2322 putida
937 2239 1159 2316 videri3
1187 2242 1262 2303 ad
1279 2245 1501 2333 reliqua

108 2323 187 2383 ali
234 2321 423 2380 nanto
444 2320 736 2382 odiosiora
759 2340 1093 2402 pergamus.

265 2400 383 2463 IV.
425 2400 612 2485 Atqui
652 2402 821 2463 vides
853 2447 873 2477 ,
923 2403 982 2461 in
1065 2404 1110 2463 it
1154 2400 1503 2483 Antonius}

197 2503 304 2542 um
333 2482 471 2542 alias
492 2504 585 2545 res
609 2502 842 2566 agamus
866 2528 886 2558 ‚
921 2504 997 2566 qu
1037 2504 1094 2545 m
1119 2500 1184 2547 te
1203 2486 1370 2548 inviti
1396 2508 1502 2549 au-

157 2567 350 2624 iamus
368 2609 388 2637 ‚
416 2563 515 2646 qui
535 2563 741 2624 adduci
760 2562 1054 2646 poffumus
1087 2564 1191 2646 (de
1216 2588 1314 2628 me
1339 2572 1502 2631 enim

112 2643 410 2726 conjicio)
446 2642 651 2705 feliciis
671 2662 737 2704 ut
759 2645 929 2705 rebus
949 2646 1219 2705 omnibus
1239 2665 1302 2708 te
1320 2647 1508 2709 seste-

112 2748 293 2799 mur,
336 2742 399 2786 te
438 2723 777 2785 audiamus:
819 2726 900 2784 ita
940 2725 1015 2785 de
1051 2725 1298 2786 horridis
1326 2730 1502 2789 rebus

113 2802 306 2868 nitida
329 2852 349 2882 ,
401 2805 477 2866 de
505 2805 718 2888 jejunis
756 2805 928 2888 plena
961 2853 980 2879 ‚
1021 2805 1116 2868 Aer
1151 2809 1504 2893 pervulgatis

126 2908 298 2952 nova
318 2886 588 2970 quaedam
616 2885 700 2948 est
720 2890 907 2951 oratio
927 2905 1047 2950 tua.
