2017 3634
504 186 958 258 Ltnssn
1035 185 1176 262 11:
1382 210 1536 289 217

137 322 373 385 ‘rientem
410 326 430 364 .·
519 304 813 363 raeclarum
856 306 922 365 &
956 326 1135 388 grave
1177 304 1281 368 est.
1335 307 1540 390 ‘Quod

147 387 412 449 Calvino
511 385 690 445 laucia
713 386 1053 447 claudicanti
1073 432 1095 462 ‚
1144 390 1260 448 Ubi
1287 393 1358 472 est
1380 410 1540 452 vetus

145 471 298 530 illud
313 470 350 528 ,Ρ
375 488 507 527 num
530 467 865 528 claudicas?
889 486 949 528 at
973 470 1063 528 hic
1082 470 1367 531 claudicat
1382 492 1401 531 2-
1418 471 1539 534 hoc

145 548 461 610 ridiculum
497 544 616 620 est3
658 548 724 608 &
751 564 1065 629 ‘utrumque
1107 571 1179 611 ex
1212 571 1287 611 eo
1310 597 1329 626 ,
1373 552 1539 636 quod

144 632 204 692 in
248 628 684 690 claudicatione
724 628 1111 691 animadverti
1152 635 1341 711 potuit
1372 677 1395 705 ,
1452 630 1536 697 est

147 711 416 771 ductum.
463 712 623 791 Quid
645 711 746 769 hoc
765 712 968 768 Navio
984 712 1244 791 ignavius
1262 714 1296 771 ?
1338 711 1538 776 severe

149 791 381 874 Scipio.
427 789 512 850 At
533 792 595 849 in
619 789 770 849 male
793 789 1058 851 olentem
1075 835 1095 864 ‚
1121 794 1297 853 theo
1322 815 1401 852 me
1423 817 1460 854 a
1487 815 1540 856 te

147 874 540 934 circumveniri
564 908 596 943 ·,
662 870 1005 932 subridicule
1062 870 1244 954 Philip
1291 895 1377 934 us.
1452 875 1540 937 At

144 971 468 1035 utrumque
500 970 681 1034 genus
712 953 979 1013 continet
1001 953 1170 1015 verbi
1284 955 1537 1018 litteram

144 1036 447 1097 immutati
475 1032 810 1094 similitudo.
1309 1056 1314 1063 -
1365 1080 1374 1087 .

156 1162 165 1169 .
229 1134 380 1198 250.
426 1112 516 1174 Ex
536 1113 811 1197 ambiguo
837 1113 1024 1189 dicta,
1054 1115 1154 1177 vel
1177 1120 1535 1201 argutissima

148 1215 431 1281 putantur
452 1241 471 1269 ‚
512 1194 612 1256 sed
648 1216 770 1256 non
801 1194 1031 1279 semper
1069 1200 1129 1257 in
1164 1194 1301 1260 ‘oco
1325 1245 1347 1274 ,
1382 1199 1540 1295 saepe·
1635 1266 1640 1271 ,

151 1282 336 1340 etiam
366 1281 428 1338 in
459 1278 738 1359 gravitate
757 1276 1076 1338 versantur.
1195 1278 1417 1342 fricano
1453 1282 1536 1344 illi

146 1360 407 1440 majori,
440 1378 723 1419 coronam
749 1359 856 1418 sibi
875 1359 935 1418 in
956 1359 1238 1419 convivio
1268 1360 1342 1420 ad
1363 1379 1536 1443 caput

145 1438 631 1503 accommodanti
654 1483 675 1512 ‚
706 1458 885 1579 <vum
911 1457 981 1499 ea
1012 1434 1214 1519 saepius
1238 1461 1542 1522 rumpere-

145 1540 239 1583 tur
262 1567 285 1597 ,
331 1519 400 1581 P.
442 1518 691 1580 Licinius
774 1540 919 1580 -arus
939 1563 960 1593 ‚
995 1519 1143 1579 Noli
1172 1523 1401 1596 mirari,
1439 1523 1536 1581 in·-

146 1607 271 1687 quit
290 1647 313 1676 ‚
351 1604 405 1663 si
433 1623 542 1661 non
568 1602 819 1662 convenit
836 1622 857 1659 .-
890 1617 1067 1682 caput
1100 1603 1242 1661 enim
1262 1605 1540 1686 'magnum'

145 1690 211 1767 est
234 1707 255 1745 .·
294 1680 590 1743 laudabile
618 1681 684 1743 &
706 1679 1033 1741 honestum.
1086 1680 1171 1742 At
1200 1702 1274 1744 ex
1305 1685 1536 1748 eodem

146 1785 368 1848 genere
393 1761 510 1824 est:
551 1764 759 1825 calvus
770 1760 919 1843 fluis
945 1763 1050 1844 est,
1086 1763 1238 1842 quad
1262 1767 1402 1825 dicit
1419 1788 1536 1849 pa..

62 1862 68 1868 ’
148 1869 285 1908 rum.
357 1843 456 1906 Ne
497 1844 716 1907 multa:
771 1842 991 1904 nullum
1028 1863 1210 1925 genus
1244 1843 1327 1907 est
1364 1844 1487 1927 joci
1508 1884 1536 1925 ,-

148 1949 265 2011 quo
316 1946 449 1989 non
486 1945 562 1987 ex
599 1924 817 1987 eodem
856 1924 1057 1986 severa
1097 1924 1164 1986 ὃ(
1197 1930 1397 2009 gravia
1428 1929 1530 1991 su..

144 2024 400 2070 mantnt.

230 2108 375 2172 251.
420 2085 617 2169 Atque
663 2085 779 2148 hoc
824 2088 1002 2148 etiam
1042 2087 1525 2151 animadverten-

145 2170 288 2232 dum
303 2216 326 2245 ‚
355 2189 483 2231 non
503 2166 616 2229 esse
638 2165 1093 2229 omnia·ridicula
1109 2166 1319 2228 faceta.
1426 2171 1529 2232 uid

61 2323 70 2334 ,
143 2257 303 2315 enim
367 2247 521 2314 otest
543 2247 656 2310 esse
677 2263 799 2309 tam
819 2246 1159 2320 ridiculum,
1188 2248 1361 2329 quam
1459 2273 1529 2311 ῃ..

139 2337 246 2395 nio
382 2336 407 2387 ἓ
441 2329 559 2391 Sed
590 2350 733 2404 ore,
769 2329 935 2390 vultu
958 2372 978 2402 ‚
1013 2328 1300 2388 imitandis
1337 2334 1530 2392 mori-

136 2416 289 2489 bus,
322 2431 519 2486 voce,
556 2411 810 2492 denique
843 2409 966 2491 ipso
1000 2431 1253 2491 corpore
1281 2412 1524 2476 ridetur.

136 2495 365 2558 Salsu-m
385 2493 542 2553 hunc
560 2490 786 2574 poss'um
806 2492 994 2553 dicere
1009 2537 1030 2565 ‚
1058 2508 1230 2571 atque
1251 2493 1330 2552 ita
1344 2539 1363 2567 ‚
1393 2516 1523 2575 noni

134 2595 204 2638 ut
240 2574 534 2656 ejusmodi
569 2589 867 2637 oratorem
903 2571 1019 2633 effe
1054 2573 1275 2647 velim,
1324 2573 1426 2636 sed
1455 2592 1526 2636 ut

135 2661 411 2721 mimum.
1057 2692 1062 2698 ·

218 2737 417 2799 LXII.
460 2735 666 2816 Quare
690 2736 942 2821 primum
968 2753 1152 2819 genus
1178 2733 1330 2809 hoe,
1355 2732 1520 2820 quod

212 2824 428 2883 Tamus
464 2819 553 2880 ΙΙ.
1129 2810 1187 2876 K
