2017 3634
459 261 615 358 380
732 262 918 329 DE
995 260 1537 328 CLARIS

459 381 613 439 rensi
649 377 777 438 luce
815 378 993 437 caruit
1031 421 1051 450 ‚
1103 376 1368 457 intraque
1405 375 1664 455 parietes
1704 375 1845 436 aluit
1898 448 1901 451 Ι

460 479 592 518 eam
623 459 867 540 gloriam
890 502 910 530 ,
1031 476 1123 515 am
1160 476 1340 516 nemo
1361 501 1381 530 ‚
1412 476 1553 516 meo
1597 455 1845 596 {uidem

456 536 674 619 judicio
696 583 717 611 ‚
757 536 840 599 est
866 559 947 618 po
1001 557 1069 597 ea
1099 535 1460 597 consecutus.
1519 535 1578 596 Is
1726 537 1846 617 ipse

456 618 677 700 scripsit
698 619 876 678 multa
902 617 1174 699 praeclare
1191 661 1214 690 ,
1246 617 1311 677 &
1336 616 1537 695 docuit
1563 615 1715 676 alios
1730 637 1750 689 3
1782 619 1855 678 δι’

459 720 638 780 quum
690 716 883 761 cetera
929 698 1135 759 melius
1160 741 1181 771 ‚
1238 696 1416 778 quem
1462 696 1522 756 su
1569 699 1793 757 eriores
1825 715 1857 769 ,·

458 798 586 839 tum
607 781 824 861 primus
846 779 1164 849 intellexit,
1201 781 1377 837 etiam
1409 780 1469 836 in
1523 777 1694 837 oluta
1720 800 1851 838 ora·

460 863 625 921 tione
657 906 675 935 ‚
733 862 873 921 dum
924 857 1152 919 versum
1195 855 1478 939 effugeres
1513 901 1534 932 ‚
1592 858 1844 918 modum

461 956 659 1001 tamen
709 943 775 1002 &
824 959 1130 1000 numerum
1190 939 1506 1020 quemdam
1558 955 1846 1020 oportere

462 1020 694 1081 servari.
965 1074 970 1083 .

551 1119 647 1179 33.
690 1100 851 1160 Ante
895 1100 1047 1158 hunc
1097 1099 1254 1159 enirn
1301 1099 1624 1159 verborum
1687 1099 1843 1181 quasi

459 1180 729 1242 structura
752 1225 769 1254 ‚
830 1181 902 1240 &
933 1179 1196 1260 quaedam
1234 1180 1308 1238 ad
1345 1200 1660 1239 numerum
1697 1202 1851 1240 con-

463 1262 691 1333 clusio,
729 1261 884 1321 nulla
922 1278 1082 1334 erat3
1125 1277 1258 1331 aut,
1303 1261 1351 1318 si
1388 1260 1629 1341 quando
1673 1277 1796 1320 erat
1820 1305 1842 1333 ‚

463 1365 585 1403 non
608 1342 922 1423 apparebat
944 1361 1074 1401 eam
1102 1338 1301 1399 dedit&
1325 1341 1508 1421 opera
1530 1338 1648 1402 effe
1686 1363 1849 1421 quaea

464 1426 632 1483 sitam
655 1445 673 1495 ;
710 1445 836 1505 quae
859 1422 1099 1481 forsitan
1128 1420 1246 1480 laus
1275 1422 1382 1480 sit:
1429 1438 1839 1482 verumtamen

464 1503 671 1564 natur&
690 1505 869 1586 magis
891 1520 1053 1576 turn,
1087 1500 1329 1581 casuque
1361 1514 1840 1583 nonnumquam,

509 1584 639 1643 uiuri
675 1599 772 1644 aut
808 1586 1033 1643 ratione
1067 1581 1256 1664 aliqu&
1290 1599 1388 1642 aut
1428 1581 1841 1644 observatione

464 1605 664 1724 gebat.

477 1780 486 1787 -
550 1762 646 1823 34.
699 1742 828 1829 Ipsa
866 1745 1022 1804 enim
1065 1756 1265 1802 natura
1306 1741 1839 1824 circumscriptione

546 1825 713 1884 adam
734 1822 1056 1894 verborum
1081 1823 1525 1905 comprehendit
1542 1869 1563 1897 ‚
1600 1825 1842 1885 conclu-

507 1907 548 1963 it
591 1925 664 1965 ue
693 1902 1075 1964 sententiam:
1121 1925 1251 1986 qum
1286 1925 1466 1985 quum
1502 1927 1535 1964 a
1581 1907 1656 1964 tis
1694 1926 1843 1967 con-

463 1983 511 2046 st
543 1989 555 1999 ⁰
616 2006 650 2044 a
681 1984 877 2045 verbis
902 1983 1002 2044 ‘est
1024 2028 1045 2058 ,
1086 1984 1243 2046 cadit
1282 1988 1469 2047 etiam
1488 1926 1725 2067 pFerutn

465 2066 796 2127 numerose.
850 2063 1004 2125 Nam
1046 2066 1113 2124 δι.
1147 2087 1319 2126 aures
1350 2065 1481 2147 ipsae
1516 2067 1661 2146 quid
1707 2088 1749 2147 p
1772 2084 1841 2127 e-

465 2164 638 2220 num,
672 2145 810 2228 quid
835 2148 1005 2209 inane
1033 2148 1136 2220 sit,
1177 2144 1466 2226 judicant,
1504 2147 1569 2207 ὃ(
1600 2145 1799 2228 spiritu
1819 2191 1839 2220 ,

464 2230 626 2309 quasi
669 2230 1014 2289 necessitate
1045 2227 1273 2307 alique,
1315 2228 1635 2288 verborum
1672 2248 1849 2299 com-

464 2308 777 2390 prehensio
817 2311 1158 2369 terminatur
1191 2328 1206 2366 z
1248 2311 1308 2367 in
1341 2328 1457 2389 quo
1492 2328 1615 2366 non
1650 2308 1841 2369 modb

466 2386 639 2448 defici
662 2434 682 2462 ‚
719 2386 819 2447 sed
846 2390 1022 2448 etiam
1046 2387 1310 2451 laborare
1334 2405 1422 2448 tur
1467 2408 1500 2450 e
1527 2385 1631 2448 est.
1828 2429 1835 2436 -

547 2467 658 2528 lx.
699 2466 857 2528 Tum
901 2468 1007 2526 fuit
1045 2467 1252 2546 Lysias
1272 2469 1301 2543 ,⁴
1340 2469 1400 2550 ip
1425 2489 1458 2529 e
1588 2468 1753 2529 idem
1779 2470 1838 2528 in

465 2551 647 2609 causis
683 2547 1007 2608 forensibus
1035 2568 1159 2607 non
1181 2548 1435 2610 versatus
1465 2573 1508 2622 ,·
1549 2548 1625 2608 ed
1661 2568 1840 2631 egre-

467 2631 561 2719 gie
604 2627 819 2688 subtilis
847 2626 1088 2711 scriptor
1128 2647 1301 2711 atque
1333 2628 1610 2711 elegans,
1656 2649 1837 2711 quem

465 2731 586 2802 jem
647 2710 834 2792 prope
886 2710 1101 2770 audeas
1162 2727 1458 2771 oratorem
1514 2707 1838 2791 perfecium

468 2789 662 2855 dicere
694 2813 710 2854 ε
770 2811 908 2857 nam
960 2792 1135 2880 plane
1174 2791 1417 2877 quidem
1462 2788 1788 2878 perfeftum
1812 2830 1834 2865 .
