2017 3634
505 300 663 400 '336
824 304 969 370 DE
1038 284 1586 375 ORATORE

507 437 573 481 ut
609 418 871 499 precario
895 462 916 491 ,
953 439 1080 479 non
1112 417 1215 491 vi,
1257 415 1477 480 veniffe
1511 418 1820 482 videatur.

599 498 730 559 166.
772 496 996 559 Modus
1018 515 1219 560 autem
1251 499 1440 561 nullus
1477 499 1560 561 est
1581 501 1909 564 florentior

507 580 569 640 in
602 577 836 660 singulis
875 578 1070 645 verbis
1093 623 1113 651 ‚
1169 599 1282 640 nec
1334 583 1435 660 qui
1483 580 1613 659 plus
1658 582 1901 644 luminis

507 657 716 735 afferat·
746 660 1017 727 orationi.
1073 658 1229 718 Nam
1255 659 1397 719 illud
1416 704 1435 733 ‚
1468 661 1634 740 quod
1662 682 1748 729 ,ex
1776 665 1899 725 hoc

552 759 728 803 enere
747 739 1012 819 profluit,
1043 761 1164 801 non
1181 738 1339 801 estin
1357 761 1475 800 uno
1497 742 1688 801 verbo
1708 758 1908 805 trans-

519 837 631 893 ‚ato
653 867 672 896 ‚
709 820 811 881 sed
842 840 914 880 ex
950 820 1206 900 pluribus
1241 823 1590 881 continuatis
1630 842 1905 884 connec-

509 903 651 961 titur
680 946 699 974 ‚
742 918 805 960 ut
842 901 996 961 aliud
1034 900 1251 961 dicatur
1282 943 1302 975 ‚
1338 900 1504 960 ‘aliud
1547 902 1902 985 intelligen-

513 982 653 1043 dum
687 983 794 1040 sit:

617 1108 624 1121 ,
667 1106 672 1113 ,
1151 1064 1329 1130 Neque
1350 1079 1429 1113 me
1444 1063 1600 1129 patiar
1619 1065 1800 1117 iterum

516 1157 596 1215 Ad
638 1175 783 1209 unum
843 1157 1094 1224 scopulum
1134 1157 1186 1208 δε
1225 1158 1377 1208 telum
1419 1157 1609 1209 clelsem
1649 1161 1903 1215 Achivam

808 1250 1077 1302 offendere.

514 1368 715 1454 Atque
751 1370 892 1431 illud
910 1416 931 1445 ,

516 1505 659 1557 Erras
682 1540 698 1566 ,
735 1522 866 1556 erras
895 1521 908 1554 z
949 1521 1056 1553 narn
1086 1503 1407 1556 exsultantem
1435 1517 1519 1565 te,
1556 1506 1609 1558 &
1628 1503 1897 1575 praefiden-

806 1609 905 1647 tem
927 1597 1017 1647 tibi
1767 1657 1773 1662 ι

513 1688 800 1758 Repriment
832 1692 1003 1740 validae
1038 1691 1198 1758 legum
1233 1689 1473 1747 habenae,
1516 1701 1659 1757 atque
1692 1690 1899 1759 imperii

805 1782 1019 1833 insistent
1042 1782 1181 1851 jugo.

513 1917 757 1998 Sumpta
790 1937 851 1979 re
889 1918 1101 1993 simili,
1145 1918 1328 1980 verba
1363 1915 1487 1999 ejus
1524 1918 1607 1979 rei
1646 1922 1893 2000 propria

512 1998 787 2078 deinceps
824 2000 882 2057 in
923 2019 1050 2059 rem
1084 2001 1297 2071 aliam,
1337 2016 1402 2060 ut
1438 1999 1589 2073 dixi,
1627 2000 1892 2062 transfe-

510 2095 733 2138 runtur.

594 2157 781 2219 XLII.
825 2157 923 2219 Est
974 2159 1091 2221 hoc
1135 2181 1412 2242 magnum
1469 2177 1888 2222 ornamentum

512 2242 793 2301 orationis
813 2285 833 2313 ‚
871 2244 931 2300 in
967 2262 1086 2321 quo
1118 2241 1422 2300 obscuritas
1454 2239 1732 2322 fugienda
1778 2240 1888 2302 est.

511 2318 744 2381 Etenim
776 2341 849 2381 ex
884 2322 997 2380 hoc
1033 2340 1248 2404 genere
1291 2319 1433 2381 fiunt
1472 2341 1580 2393 ea,
1625 2341 1756 2402 quae
1792 2321 1890 2380 di-

509 2421 713 2461 cuntur
738 2403 1062 2482 aenigmata.
1114 2400 1257 2462 Non
1288 2400 1368 2461 est
1387 2417 1582 2461 autem
1608 2403 1668 2460 in
1686 2401 1886 2462 verbo

509 2480 723 2540 modus
764 2481 896 2553 hic,
952 2480 1053 2540 sed
1090 2481 1148 2539 in
1194 2482 1459 2542 oratione
1483 2526 1503 2555 ‚
1547 2480 1608 2539 id
1654 2478 1785 2553 est,
1818 2484 1887 2543 in

507 2563 945 2621 continuatione
980 2561 1320 2623 verborum.
1377 2560 1473 2621 Ne
1506 2560 1602 2620 illa
1637 2562 1887 2640 quidem

505 2641 787 2701 tradufflo
819 2658 993 2722 atque
1023 2645 1349 2704 immutatio
1377 2644 1436 2702 in
1455 2641 1643 2702 verbo
1665 2661 1889 2720 quam-

507 2721 643 2782 darn
662 2722 1103 2784 fabricationem
1130 2725 1309 2785 habet
1325 2768 1344 2796 ,
1374 2720 1471 2783 sed
1492 2725 1551 2781 in
1573 2723 1854 2784 oratione
1870 2769 1895 2799 ‚

506 2823 672 2876 Africa
708 2827 910 2878 terribili
942 2828 1104 2878 tremit
1143 2826 1341 2880 horrida
1372 2840 1501 2881 terra
1536 2828 1771 2878 tumultu.

1763 2913 1895 2980 Pro
