2017 3634
436 264 531 331 ·L·
575 275 613 330 1
668 276 720 333 Β
773 271 920 333 E'R
990 264 1110 336 II.
1339 282 1478 358 141

98 376 291 451 tut-{1⁵3
329 375 475 458 quid
497 422 519 450 ,
545 379 768 438 etiamsi
792 401 914 440 non
934 378 1211 441 didicisset
1226 426 1245 454 ‚
1272 400 1346 442 ex
1367 402 1484 457 eo‚·

98 459 255 540 quod
282 456 572 518 didicisset
590 503 610 533 ,
638 457 974 520 assumeret:
1018 460 1296 522 deduxisti
1320 465 1488 523 eninr

96 555 282 600 totum
302 539 612 600 hominem
641 542 699 598 in
719 541 834 601 duo
857 541 1039 602 solum
1061 563 1276 625 genera
1296 543 1480 602 causa·

96 641 258 692 ποῖος
312 636 514 681 cetera
561 622 997 681 innumerabilia
1041 624 1474 699 exercitationi,

100 701 162 763 &
194 700 555 760 similitudini
591 701 885 782 reliquisti.
942 703 1061 781 Sed
1108 704 1312 764 videto
1333 749 1358 775 ,
1396 724 1474 766 ne

100 782 155 841 in
184 780 299 841 istis
336 781 568 841 duobus
595 777 902 863 generibus
937 783 1128 864 hydra
1162 785 1266 843 tibi
1301 786 1372 843 sit
1406 786 1477 845 &

99 862 261 944 pellis
302 882 319 920 z
382 862 668 922 Hercules
720 880 916 922 autem
939 908 961 937 ,
1012 865 1077 924 &
1133 864 1242 923 alia
1292 885 1488 946 operae

101 940 360 1020 majora,
406 962 484 1003 ne
520 945 579 1001 in
609 942 720 1002 illis
750 945 922 1004 rebus
957 988 979 1017 ,
1037 965 1178 1026 quas
1225 963 1475 1026 praeter-

100 1027 279 1084 mittis
299 1070 321 1098 ,
360 1023 774 1103 relinquantur.
836 1023 977 1084 Non
1007 1029 1164 1085 e‘nim
1205 1026 1344 1086 mihi
1373 1029 1492 1086 mie

97 1108 205 1165 nus
240 1105 445 1185 operis
488 1104 723 1164 videtur
758 1105 832 1164 de
853 1109 1132 1166 universis
1170 1108 1478 1188 generibus

97 1206 294 1246 terum
321 1230 347 1259 ‚
400 1180 579 1265 quat‘n
620 1184 696 1245 de
736 1187 1091 1325 singulorum
1135 1190 1316 1248 causis
1337 1235 1361 1260 ,
1413 1210 1484 1249 ac

103 1267 290 1326 multb
345 1269 524 1326 etiam
572 1265 757 1345 majus
851 1288 884 1327 e
939 1286 1142 1327 natura
1182 1268 1428 1330 deorum
1458 1313 1481 1344 ,

104 1346 276 1430 quam
301 1346 380 1406 de
406 1347 711 1407 hominum
732 1347 919 1407 litibus
948 1349 1156 1409 dicere.

124 1456 135 1485 ,·
179 1448 285 1503 79..·
307 1426 453 1487 Non
475 1424 558 1486 est
575 1429 653 1488 ita
668 1473 687 1501 ‚
712 1429 898 1508 inquit
917 1428 1230 1488 Antonius,
1261 1426 1482 1488 Dicam

105 1512 260 1571 enim
280 1507 426 1579 tibi,
462 1505 712 1581 Catule,
741 1530 865 1567 non
892 1524 1013 1567 tarn
1038 1508 1238 1568 ᾶοᾶὶιιε
1256 1552 1275 1582 ,
1307 1508 1485 1589 quam

104 1590 205 1666 (id
247 1588 417 1670 quod
453 1585 536 1648 est
574 1587 800 1671 majus)
848 1605 1140 1670 expertus·
1195 1587 1484 1650 Omnium

104 1690 435 1731 ceterarum
462 1689 653 1728 rerum
686 1673 873 1730 oratio
894 1715 913 1743 ‚
955 1671 1096 1730 mihi
1132 1669 1310 1731 crede
1340 1708 1374 1746 ‚·
1396 1669 1488 1730 lu-

105 1750 209 1810 dus
237 1748 583 1812 esthomin'i
615 1748 737 1810 non
768 1750 962 1811 hebeti
982 1751 1017 1826 ‚⁴
1045 1771 1236 1836 neque
1255 1754 1487 1813 inexer-

105 1833 283 1893 citato
310 1877 330 1907 ,
368 1850 561 1913 neque
591 1834 987 1892 communium
1009 1833 1326 1894 litterarum
1349 1879 1367 1907 ‚
1414 1835 1502 1893 &=

104 1913 396 1994 politioris
436 1912 803 1972 humanitatis
851 1915 1126 1995 experti.¹
1168 1912 1235 1973 In
1286 1913 1506 1975 causa-'

103 2015 234 2053 rum
270 1994 749 2054 contentionibus
779 2014 1052 2076 magnum
1078 1992 1160 2054 est
1177 1994 1496 2076 quoddam'

106 2096 256 2157 opus
289 2120 315 2149 ,
371 2091 549 2154 atque
589 2073 741 2132 haud
774 2071 946 2155 sciam
989 2094 1062 2134 an
1108 2075 1183 2134 de
1216 2075 1484 2135 humanis

106 2156 389 2237 operibus
435 2154 611 2237 longe
647 2157 1004 2227 maximum3
1049 2157 1109 2213 in
1146 2157 1352 2234 quibus
1393 2158 1488 2216 vis

104 2238 358 2297 oratoris
390 2235 741 2325 plerumque
791 2236 863 2294 ab
900 2232 1184 2315 imperitis
1220 2237 1377 2294 exitu
1416 2235 1504 2293 δι·

103 2316 357 2378 νὶᾶοτὶό.
388 2316 673 2394 judicatur
702 2337 721 2388 ;
770 2316 872 2375 ubi
903 2313 1063 2374 adest
1098 2330 1346 2374 armatus
1380 2314 1489 2374 ad-

104 2397 395 2459 versarius
427 2441 446 2469 ‚
497 2398 596 2478 qui
640 2398 710 2454 sit
744 2398 813 2456 ὃς
851 2395 1146 2456 feriendus
1185 2395 1250 2455 ὃ(
1287 2395 1492 2477 repel-

105 2479 319 2539 lendus
343 2498 364 2549 ;
403 2476 507 2535 ubi
537 2476 688 2557 faepe
715 2479 762 2536 is
787 2521 807 2550 ,
840 2481 939 2559 qui
970 2479 1055 2537 rei
1085 2476 1354 2537 dominus
1387 2477 1488 2537 fu·-

106 2575 271 2619 turus
307 2556 392 2619 est
413 2602 435 2631 ‚
470 2557 689 2617 alienus
720 2575 894 2639 atque
924 2561 1097 2618 iratus
1120 2604 1140 2632 ‚
1177 2574 1274 2617 aut
1309 2560 1487 2619 etiam

109 2643 334 2699 amicus
379 2637 708 2699 adversario
730 2684 752 2713 ‚
808 2639 873 2698 ὅτ.
908 2640 1168 2696 inimicus
1209 2639 1317 2695 tibi
1363 2637 1488 2719 est3

113 2737 433 2800 quamam
464 2719 770 2779 docendus
810 2721 857 2777 is
895 2716 976 2777 est
999 2764 1018 2792 ‚
1059 2733 1157 2777 aut
1194 2716 1510 2777 dedocen··

116 2801 222 2861 dus
254 2846 276 2878 ,
331 2817 434 2862 aut
473 2798 876 2883 reprimendus
896 2846 921 2875 ,
980 2815 1077 2862 aut
1130 2798 1518 2876 incitandus,¹
