2017 3634
431 295 587 368 272
734 274 891 344 De
960 251 1509 345 Οκρατοιτε

429 409 569 453 tror.
648 389 803 451 Nam
854 390 962 450 tibi
1014 405 1111 449 aut
1160 410 1270 470 pro
1314 392 1533 452 virtute
1581 391 1774 452 asiimi
1790 437 1816 467 ‚

360 502 370 511 ·
432 471 866 553 constantiaque
887 486 988 530 tua
1014 470 1197 530 civilis
1223 469 1362 531 ferri
1382 469 1682 532 subeunda
1701 473 1816 533 fuit

432 553 739 614 crudelitas
760 598 779 626 ‚
817 568 951 624 aut,
985 553 1032 611 si
1053 573 1166 633 qua
1192 569 1252 613 te
1285 550 1520 613 fortuna
1547 555 1624 614 ab
1645 572 1819 614 atro-

433 636 605 695 citate
642 636 850 694 mortis
890 630 1226 694 vindicass‘et
1261 678 1278 705 ‚
1336 634 1547 695 eadem
1596 633 1713 695 esse
1749 650 1812 696 te

432 714 700 776 fimerum
723 716 923 797 patriae
954 712 1338 796 spestatorem
1360 713 1672 798 coEgisset:
1713 738 1818 778 ne·-

515 816 548 857 e
590 795 779 857 solum
822 796 931 856 tibi
983 795 1388 876 improborum
1438 797 1815 870 dominatus,

420 910 429 917 ·
463 878 538 939 ed
575 882 749 939 etiam
795 894 1040 960 propter
1084 876 1399 936 admixtam
1435 881 1652 939 civium
1697 900 1820 938 cae-

426 959 576 1021 siem
595 1005 614 1033 ‚
652 962 949 1020 bonorum
968 955 1210 1019 vifioria
1229 960 1473 1018 moerori
1504 956 1715 1019 fuisset.

426 1066 433 1075 ·
524 1040 638 1100 IV.
681 1040 834 1100 Mihi
872 1039 1108 1120 quidem
1139 1082 1159 1111 ,
1205 1036 1434 1118 Quinte
1475 1037 1656 1100 frater
1684 1085 1704 1115 ,
1754 1040 1823 1101 δί

441 1142 649 1183 eorum
679 1119 834 1180 casus
858 1165 877 1194 ‚
919 1119 999 1180 de
1065 1119 1228 1178 uibus
1254 1120 1388 1179 ante
1413 1119 1528 1179 dixi
1549 1165 1569 1195 ,
1617 1120 1680 1181 δι
1715 1141 1820 1196 ea,

442 1223 572 1284 quae
615 1200 952 1281 nosmetipsi
993 1142 1075 1261 οἳ)
1103 1220 1366 1260 amorem
1401 1203 1460 1260 in
1489 1202 1823 1283 rempubli-

446 1304 577 1343 cam
610 1282 1012 1343 incredibilem
1071 1281 1138 1341 &
1191 1281 1534 1363 singularem
1559 1285 1825 1364 pertuli·-

446 1385 578 1426 mus
596 1410 615 1435 ,
645 1386 710 1424 ac
729 1362 1005 1425 sensimus
1020 1408 1039 1437 ,
1065 1363 1343 1443 cogitanti
1362 1361 1647 1424 sententia
1671 1361 1824 1446 saepe

448 1462 546 1506 tua
565 1466 706 1507 vera
725 1467 791 1506 ac
808 1443 1031 1526 sapiens
1051 1443 1233 1503 videri
1254 1441 1433 1516 solet,
1457 1447 1556 1524 qui
1577 1465 1826 1525 propter

451 1544 544 1588 tot
562 1526 587 1602 ,’
608 1544 803 1587 tantos
822 1572 840 1601 ‚
866 1542 1101 1606 tamque
1121 1526 1445 1605 praecipites
1465 1522 1622 1584 casus
1642 1526 1830 1586 claris·

451 1612 735 1670 simorum
754 1609 1058 1668 hominum
1081 1650 1101 1680 ,
1145 1620 1318 1686 atque
1341 1607 1702 1688 optimorum
1741 1609 1829 1667 vi-

453 1710 651 1749 rorum
674 1734 691 1761 ,
732 1709 828 1748 me
864 1684 1093 1767 semper
1126 1686 1198 1745 ab
1242 1688 1406 1757 omni
1437 1689 1829 1751 contentione

452 1791 521 1832 ac
546 1770 918 1831 dimicatione
942 1762 1251 1828 revocasti.
1687 1778 1692 1782 ·

546 1869 637 1924 14.
681 1848 799 1909 Sed
877 1851 1116 1909 uoniam
1148 1847 1272 1908 haec
1308 1845 1428 1928 jam
1460 1868 1655 1930 neque
1678 1852 1833 1912 inte-

457 1950 559 2014 gra
597 1931 768 1989 nobis
802 1949 833 1988 e
883 1950 914 1990 e
952 1926 1222 2011 possunt,
1266 1929 1332 1988 &
1360 1927 1566 1989 filmmi
1597 1929 1833 1993 labores

455 2009 674 2085 nostri,
729 2010 940 2092 magna
983 2009 1337 2090 compensati
1382 2009 1566 2092 gloria
1601 2055 1620 2086 ,
1674 2016 1836 2073 mitii-

458 2109 664 2175 gantur
688 2122 705 2163 ·‚
742 2108 1056 2174 pergamus
1075 2091 1152 2151 ad
1181 2111 1248 2150 ea
1278 2088 1473 2150 sosatia
1495 2137 1514 2166 ,
1543 2112 1674 2184 quae
1711 2114 1834 2154 non

418 2222 427 2232 .
458 2173 644 2235 modo
672 2172 878 2233 sedatis
910 2169 1185 2232 molestiis
1204 2169 1493 2251 jucunda,
1528 2171 1629 2232 sed
1661 2178 1834 2234 etiam

461 2253 810 2316 haerentibus
836 2300 855 2327 ‚
896 2252 1155 2313 salutaria
1199 2252 1368 2323 nobi}
1402 2250 1514 2312 effe
1559 2253 1877 2334 possunt-3„

460 2336 909 2417 sermonemque
933 2336 999 2396 L.
1024 2331 1216 2396 Crassi
1237 2332 1516 2415 reliquum
1532 2378 1551 2407 ,
1590 2356 1658 2393 ac
1681 2358 1833 2417 pene

461 2416 820 2498 postremum
842 2418 1142 2477 memoriae
1162 2414 1474 2494 prodamus
1496 2435 1511 2473 ε
1546 2431 1724 2496 atque
1745 2422 1833 2493 ei,

462 2501 575 2559 etsi
608 2517 681 2557 ne
765 2517 971 2577 aquam
1012 2515 1213 2576 parem
1268 2495 1414 2554 illius
1458 2495 1740 2576 ingenio,
1780 2491 1856 2559 a't'

463 2601 576 2662 pro
611 2600 688 2637 no
741 2599 807 2637 ro
836 2594 1035 2637 tamen
1069 2575 1257 2636 studio
1278 2578 1543 2636 meritam
1562 2581 1832 2661 gratiani,

466 2658 723 2721 debitam
765 2678 839 2719 ue
870 2658 1205 2720 referamus,
1635 2698 1644 2705 -

561 2759 654 2822 15.
698 2750 701 2751 ’
759 2761 908 2822 eque
969 2742 1126 2801 enim
1185 2736 1479 2820 quisquam
1527 2738 1826 2814 nosttfim',

469 2842 651 2905 quum
696 2822 880 2884 libros
925 2821 1184 2884 Platonis
1221 2819 1558 2882 mirabiliter
1602 2820 1836 2906 scriptos
