2017 3634
513 247 668 322 240
816 226 989 298 DE.
1049 189 1653 298 caston-2·

512 347 652 407 dem
686 345 864 406 mali?
908 343 1130 435 Quid-2
1188 346 1234 403 si
1271 346 1331 404 in
1369 344 1642 404 homines
1682 356 1892 422 caros,5

506 425 901 508 judicibusque
939 424 1226 505 jucundos
1260 428 1383 485 sine
1421 426 1538 484 ulla
1574 432 1882 506 praemuni·

503 509 666 568 tione
706 511 982 568 orationis
1018 507 1279 567 acerbihs
1309 551 1328 581 ‚
1377 506 1442 567 &
1485 510 1878 570 contumelio·

505 591 618 648 sins
641 589 918 649 invehare
936 633 956 662 ‚
990 608 1192 648 nonne
1214 588 1317 646 abs
1338 603 1401 648 te
1420 585 1648 667 judices
1671 590 1879 650 abalie-

502 668 643 729 nes?
667 669 834 749 Quid
857 712 880 741 ,
908 673 953 728 si
970 714 989 742 ‚
1014 690 1150 750 quae
1168 670 1311 729 vitia
1330 713 1351 743 ‚
1381 685 1477 728 aut
1494 670 1873 732 incommoda

499 747 627 809 funt
656 752 719 809 in
750 750 945 832 aliquo
970 747 1165 827 judice
1182 770 1302 808 uno
1320 794 1340 822 ,
1372 766 1470 809 aut
1489 749 1787 830 pluribus,
1811 773 1873 813 ea

499 846 563 890 tu
597 834 659 890 in
692 830 1024 892 adversariis
1058 829 1474 910 exprobrando
1506 850 1633 890 non
1668 833 1882 893 intelli-

502 931 604 993 gas
642 928 703 973 te
724 914 787 971 in
814 909 1033 992 judices
1057 910 1298 989 invehi,
1333 910 1637 972 mediocre
1670 935 1876 995 pecca⁶

501 1008 626 1052 tum
655 990 783 1053 est?
1245 1028 1256 1035 -

588 1091 724 1155 305.
767 1071 967 1153 Quid,
998 1074 1085 1147 si,
1119 1092 1299 1154 quum
1325 1091 1435 1153 pro
1456 1073 1647 1135 altero
1688 1074 1870 1151 dicas,

500 1154 665 1215 lite-m
700 1171 864 1214 tuam
897 1153 1070 1213 facias
1090 1197 1109 1227 ‚
1151 1171 1250 1214 aut
1286 1151 1444 1215 laesus
1471 1153 1718 1218 efferare
1760 1160 1874 1218 ira·-

501 1235 712 1296 cundia
733 1280 753 1310 ‚
788 1232 1010 1296 causam
1030 1235 1350 1317 relinqua,
1376 1236 1593 1297 nihilne
1616 1239 1869 1300 noceas?

499 1313 569 1379 In
600 1337 722 1398 quo
758 1336 914 1399 ego,
963 1338 1087 1376 non
1119 1318 1236 1397 quo
1273 1316 1522 1377 libenter
1562 1319 1722 1379 male
1764 1342 1871 1381 au·

500 1397 657 1458 diam
688 1445 708 1473 ,
758 1397 858 1458 sed
895 1401 1029 1480 quia
1070 1417 1185 1479 ego
1232 1396 1456 1456 causam
1498 1418 1625 1459 non
1680 1399 1873 1463 liben-

498 1495 590 1540 ter
638 1474 905 1562 relinquo
937 1523 958 1553 ,
1016 1479 1258 1538 nimihm
1299 1480 1526 1559 patiens
1567 1479 1637 1539 δι
1680 1479 1868 1542 lentus

501 1557 794 1622 existimo:-
826 1581 847 1628 ς
899 1575 961 1620 ut
991 1602 1015 1633 ‚
1143 1579 1244 1618 um
1278 1558 1565 1640 teipsum,
1611 1559 1868 1643 Sulpici,

496 1638 881 1723 objurgabant
896 1685 916 1714 ‚
951 1646 1070 1721 quo
1135 1637 1577 1701 ministratorem
1594 1661 1865 1722 peteres,

495 1740 620 1780 non
654 1720 1061 1783 adversarium.
1109 1718 1198 1780 Ex
1225 1741 1348 1802 quo
1368 1723 1543 1781 etiam
1557 1721 1706 1783 illud
1728 1724 1869 1787 affe-

492 1822 682 1882 quor,
733 1817 837 1875 ut,
884 1803 929 1861 si
958 1803 1089 1883 quis
1123 1801 1265 1861 mihi
1291 1801 1648 1878 maledicat,
1687 1822 1874 1886 peta-²

487 1881 613 1942 lans
628 1926 649 1957 ‚
683 1898 781 1942 am
805 1881 977 1962 plane
993 1880 1219 1942 insanus
1241 1880 1355 1943 effe
1373 1884 1667 1946 videatur.

498 1992 507 1999 ·
569 1964 709 2042 306.
750 1961 817 2023 In
845 1966 982 2044 ipsis
1010 1981 1207 2024 autem
1234 1968 1624 2046 argumentis,
1653 1967 1859 2049 siquid

483 2043 744 2124 posueris
778 2060 875 2104 aut
902 2046 1104 2126 aperte
1139 2042 1340 2104 falsum
1363 2089 1384 2120 ‚
1427 2061 1525 2105 aut
1561 2049 1662 2121 ei,
1694 2049 1859 2131 quod

483 2124 693 2187 dixeris
711 2170 732 2201 ‚
778 2124 1099 2186 diRurusve
1134 2127 1208 2186 sis
1238 2168 1258 2200 ,
1303 2130 1657 2187 contrarium
1685 2172 1706 2203 ,
1764 2147 1859 2191 aut

481 2223 700 2288 genere
742 2206 866 2288 ipso
904 2223 1200 2268 remotum
1246 2205 1322 2266 ab
1367 2206 1467 2267 usu
1499 2204 1854 2286 judiciorum

479 2308 550 2351 ac
580 2286 773 2362 foro,
814 2288 1040 2348 nihilne
1088 2285 1356 2351 noceas?
1411 2287 1579 2367 Quid
1621 2291 1854 2351 multa?

479 2371 672 2428 omnis
692 2389 824 2430 cura
850 2389 981 2430 mea
1003 2367 1150 2429 solet
1176 2371 1236 2427 in
1256 2368 1374 2429 hoc
1389 2367 1600 2433 versari
1619 2369 1855 2453 semper

477 2447 712 2524 (dicam
753 2450 910 2508 enim
942 2447 1016 2507 sae
1060 2447 1185 2529 ius)
1230 2450 1277 2507 si
1305 2451 1568 2530 possim,
1600 2468 1666 2509 ut
1705 2453 1853 2513 boni

472 2528 689 2608 aliquid
716 2525 964 2588 efficiam
1031 2528 1243 2590 icendo
1271 2549 1288 2590 ε
1323 2532 1410 2590 sin
1428 2529 1491 2590 id
1514 2533 1706 2593 mirans
1724 2578 1749 2606 ‚
1788 2550 1852 2597 ut

472 2608 629 2670 certe
665 2628 741 2669 ne
853 2608 913 2669 id
947 2609 1103 2670 mali.
1859 2654 1866 2659 -

554 2688 782 2751 LXXV
819 2735 835 2750 .
875 2689 1076 2772 Itaque
1113 2711 1264 2753 nunc
1290 2691 1426 2752 illuc
1458 2691 1647 2753 redeo
1668 2737 1689 2768 ,
1728 2692 1852 2755 Ca·

460 2772 587 2832 tale
601 2815 623 2847 ‚
659 2773 720 2834 in
753 2792 872 2856 quo
904 2790 970 2834 tu
1003 2792 1102 2836 me
1140 2773 1315 2856 paulo
1353 2773 1485 2837 ante
1523 2773 1866 2918 laudabas&

1774 2878 1808 2918 a
