2017 3634
457 292 663 367 440·
746 273 911 339 DE
994 272 1143 338 CL
1195 287 1540 339 Artis

457 409 586 447 cum
613 384 759 465 juris'
778 380 963 445 civili&
989 384 1389 467 intelligentia.
1415 401 1420 405 ·
1445 381 1634 465 Cujus
1661 385 1835 446 autli-

459 485 554 528 tor
586 467 648 526 P.
685 465 940 538 OrbiuS,
978 486 1144 525 meus
1184 465 1306 525 fere
1341 466 1573 546 aequalis
1595 510 1618 539 ‚
1653 469 1716 525 in
1752 466 1837 529 di·

463 547 659 607 tendo
692 568 812 605 non
852 548 1022 604 nimis
1057 548 1402 606 exercitatus
1423 591 1445 618 ‚
1480 548 1540 605 in
1575 543 1705 624 jure
1735 568 1834 606 au·
1901 606 1912 616 ,

459 644 580 688 tem
612 627 766 687 civili
785 647 903 685 non
930 625 1203 699 inferior,
1225 626 1402 711 quam
1419 625 1691 709 magister
1712 626 1837 688 fuit.

460 705 616 769 Nam
654 706 739 767 .T.
788 703 1052 766 Aufidius
1075 751 1094 779 ,
1132 710 1228 788 qui
1265 708 1406 766 vixit
1441 707 1515 767 ad
1552 706 1837 768 summam

458 787 812 849 seneclutem
840 832 859 861 ‚
903 788 1145 848 volebat
1196 785 1308 848 effe
1345 788 1541 847 similis
1580 787 1795 848 horum
1818 834 1839 862 ,

462 874 704 951 eratque
730 870 794 929 ὃ(
820 869 1005 928 bonus
1032 869 1123 928 vir
1150 868 1523 929 &innocens
1542 913 1562 942 ‚
1602 868 1706 929 sed
1753 871 1836 929 di·

465 950 637 1009 cebat
677 969 903 1030 parum.
973 947 1104 1008 Nec
1145 947 1275 1008 sane
1317 948 1444 1028 plus
1488 948 1668 1025 frater
1715 947 1840 1029 ejus'

463 1029 563 1091 M.
588 1029 863 1112 Virgilius
883 1073 901 1101 ‚
935 1030 1031 1108 qui
1057 1028 1316 1088 tribunus
1340 1029 1528 1109 plebis
1561 1027 1631 1091 L.
1665 1028 1833 1090 Sullae

463 1111 809 1190 imperatori
821 1108 979 1170 diem
999 1108 1158 1168 dixit.
1202 1106 1339 1187 Ejus
1362 1108 1591 1191 collega
1613 1108 1681 1170 P.
1708 1109 1836 1171 Ma-

463 1194 590 1274 gius
609 1193 715 1264 ‚jn
739 1189 1194 1268 dicendopaulb
1215 1207 1413 1250 tamen
1435 1192 1758 1271 copiosior.

559 1269 690 1330 180.
733 1269 852 1331 Se'd
875 1271 1137 1329 omnium
1158 1285 1489 1344 oratorum,
1516 1273 1644 1330 sive
1671 1271 1836 1333 rabu-

466 1352 650 1412 larum
672 1396 693 1423 ,
726 1352 825 1432 qui
850 1350 916 1410 δι
936 1349 1108 1432 plane
1135 1348 1352 1411 indoffi
1370 1393 1390 1423 ,
1420 1366 1515 1412 aut
1542 1351 1836 1425 inurbani,

468 1450 567 1492 aut
587 1430 772 1492 rustici
798 1432 975 1492 etiam
1000 1429 1233 1492 fuerunt
1248 1475 1267 1504 ,
1291 1451 1438 1512 quos
1462 1430 1706 1511 quidem
1728 1452 1834 1513 ego

471 1515 853 1595 cognoverim
873 1556 892 1586 ‚
919 1509 1336 1573 solutissimum-
1354 1513 1414 1573 in
1448 1511 1746 1587 dicendo,
1775 1512 1834 1575 &

471 1595 863 1653 acutissimum
884 1588 1080 1672 {ildico
1114 1589 1290 1652 nostri
1322 1591 1537 1652 ordinis
1570 1591 1657 1672 Q.
1703 1591 1836 1652 Ser-

453 1673 686 1734 ‘torium
726 1718 745 1747 ‚
807 1668 1081 1753 equestris
1130 1668 1206 1735 C.
1257 1669 1387 1732 Gor
1429 1672 1654 1732 onium.
1715 1673 1838 1735 Fuit

473 1757 652 1816 etiam
678 1752 855 1815 facilis
879 1754 944 1813 ὅτ.
967 1751 1269 1833 expeditus
1295 1752 1371 1813 ad
1433 1752 1746 1827 icendum,
1776 1753 1837 1815 &

469 1833 937 1916 vitaesplendore
953 1832 1140 1894 m'ulto
1156 1876 1177 1906 ‚
1212 1833 1275 1897 ὅτ.
1292 1834 1529 1915 ingenio
1554 1830 1689 1896 sane
1708 1852 1843 1930 pro·

470 1915 651 1985 babili
673 1956 698 1987 ,
746 1912 823 1973 T.
860 1912 1098 1987 Iunius,
1139 1912 1208 1972 L.
1246 1911 1427 1988 filius,
1468 1914 1841 1986 tribunicius,

472 2016 595 2078 quo
620 1991 916 2055 accusante
939 1992 1001 2053 P.
1029 1992 1294 2067 Sextius»,
1328 2010 1543 2075 praetor
1571 1993 1842 2078 designa-

471 2091 562 2138 tus
581 2118 601 2149 ,
639 2074 939 2134 damnatus
966 2071 1048 2135 est
1079 2073 1365 2135 ambitfist
1405 2076 1451 2136 is
1478 2073 1842 2155 processisset

472 2154 796 2218 honoribus
839 2153 1072 2237 longios
1100 2199 1118 2229 ,
1165 2154 1272 2217 nisi
1311 2151 1538 2236 semper
1569 2153 1802 2217 infirma
1823 2199 1844 2231 ,

476 2253 533 2298 at
577 2255 651 2297 ue
689 2236 865 2297 etiam
897 2235 1049 2316 aegra
1073 2234 1407 2303 valetudine
1443 2232 1651 2298 fuisset.

474 2360 487 2382 ι
538 2258 774 2379 εΒΠᾸΧ.
825 2312 1027 2397 Atque
1068 2334 1185 2397 ego
1229 2314 1497 2395 praeclare
1537 2315 1724 2376 intelli
1767 2336 1843 2391 o,

478 2416 575 2459 me
619 2397 679 2454 in
732 2414 937 2457 eorum
988 2397 1549 2457 commemoratione
1592 2416 1701 2456 ver
1730 2398 1845 2471 ari,

476 2476 724 2556 qui-neo
757 2475 953 2535 habiti.
978 2475 1090 2537 sint
1129 2489 1392 2537 oratores
1413 2519 1433 2548 ,
1484 2494 1680 2557 neque
1715 2475 1845 2538 fue·

477 2560 631 2630 rint3
672 2555 1058 2638 praeteritiq‘ue
1090 2575 1123 2615 a
1155 2574 1254 2615 me
1278 2554 1497 2637 aliquot
1532 2574 1606 2615 ex
1629 2559 1848 2618 veteri·

479 2637 627 2710 bus,·
654 2635 1215 2697 commemoratione
1235 2679 1251 2709 ,
1277 2653 1374 2696 aut
1405 2634 1574 2697 laude
1601 2634 1810 2718 dignos
1826 2659 1844 2710 3

480 2715 582 2779 sed
611 2716 724 2779 hoc
756 2715 990 2796 quidem
1025 2716 1392 2796 ignoratione
1428 2736 1444 2773 z
1508 2715 1648 2795 quid
1691 2719 1844 2785 enim

483 2796 581 2883 est·
602 2795 906 2882 superioris
939 2798 1157 2873 aetatis,
1188 2795 1352 2883 quod
1374 2793 1536 2887 scribi
1564 2797 1752 2881 possit
1774 2796 1845 2863 de
