2017 3634
538 204 1005 291 ,mem
1111 225 1186 293 I:
1400 245 1506 318 49

134 350 270 414 men
299 358 426 398 non
448 336 638 397 modo
659 355 783 396 non
798 334 1037 404 ,obeffet
1062 334 1189 416 e-jus
1209 343 1508 417 orationi,

142 417 232 478 sed
261 421 436 479 etiam
470 418 779 500 probitatis
815 420 1332 484 commendatione
1371 445 1511 505 pro·

146 497 330 560 deffet.
1021 538 1026 542 ·
1475 496 1486 566 ’,

206 577 479 642 XXVII.
525 577 687 639 Tum
713 575 1008 641 Antonius
1027 624 1052 652 ,
1098 580 1303 664 Saepe,
1338 600 1401 646 ut
1431 584 1512 646 di·

138 664 245 739 cis,
284 664 517 743 inquit,
548 661 978 733 animadverti,
1024 660 1259 737 Graii-e,
1306 665 1372 725 &
1407 682 1468 727 te
1488 708 1510 742 ,

140 741 197 801 &
236 760 476 804 ceteros
513 740 768 801 summos
811 759 1078 802 oratores
1102 784 1121 816 ‚
1161 766 1513 828 quamquam

137 824 234 883 tibi
268 846 379 906 par
401 868 423 897 ‚
477 823 613 883 mea
638 821 962 897 sententia,
1004 844 1192 884 nemo
1237 847 1511 909 umquam

137 902 235 965 fuit
256 949 278 978 ‚
299 907 365 963 in
385 903 622 964 dicendi
642 904 890 965 exordio
909 908 1270 986 permoveri.

223 1003 363 1064 123.
418 982 605 1064 Cujus
645 984 884 1066 quidem
926 988 1012 1047 rei
1057 1007 1237 1068 quum
1282 984 1509 1051 causam

137 1086 461 1148 quaererem
479 1111 501 1141 ‚
525 1065 799 1147 quidnam
816 1063 957 1127 ess‘et
970 1112 992 1138 ,
1023 1088 1123 1128 cur
1140 1113 1161 1143 ‚
1194 1084 1257 1129 ut
1280 1071 1341 1130 in
1360 1092 1514 1151 quo-

136 1168 245 1228 que
275 1165 519 1208 oratore
547 1147 859 1228 plurimum
882 1147 1021 1210 effet
1039 1193 1058 1222 ,
1085 1151 1163 1209 ita
1187 1152 1436 1212 maxime
1463 1156 1518 1215 is

135 1227 572 1310 pertimesceret
584 1272 604 1303 ‚
623 1228 726 1288 has
743 1227 930 1288 causas
945 1231 1320 1291 inveniebam
1339 1233 1510 1300 duas:

137 1331 309 1371 unam
322 1355 352 1387 Ι,
399 1308 560 1390 quod
604 1309 994 1391 intelligerent
1046 1313 1087 1370 ii
1113 1355 1133 1384 ‚
1192 1332 1340 1392 quos
1384 1313 1516 1373 usus

138 1413 202 1451 ac
237 1407 446 1451 natura
470 1383 749 1451 docuiffe't
767 1435 786 1464 ,
817 1411 1258 1471 nonnumquam
1280 1392 1520 1453 summis

140 1473 470 1533 oratoribus
507 1493 629 1531 non
659 1470 791 1531 satis
818 1491 894 1531 ex
927 1469 1211 1530 sententia
1236 1489 1522 1545 eventum

140 1554 380 1614 dicendi
405 1551 725 1632 procedere
754 1573 768 1610 ε
812 1554 891 1611 ita
928 1571 1053 1613 non
1079 1548 1323 1629 injuria,
1363 1573 1525 1634 quoff·

138 1633 499 1715 tiescumque
532 1632 833 1706 dicerent,
871 1630 931 1692 id
953 1677 974 1706 ‚
1016 1631 1178 1714 quod
1204 1632 1521 1714 aliquando

138 1713 328 1798 poss‘et
373 1714 639 1776 accidere
672 1758 694 1789 ‚
751 1733 830 1773 ne
873 1729 998 1774 tum
1040 1712 1334 1777 accideret
1359 1761 1381 1791 ‚
1439 1719 1521 1778 ti-

143 1817 324 1859 mere.

227 1897 363 1952 124.
405 1874 616 1936 Altera
642 1873 725 1937 est
750 1874 910 1949 haec,
942 1873 1021 1936 de
1045 1895 1165 1957 qua
1189 1878 1352 1958 queri
1368 1875 1522 1958 saepe

142 1958 300 2021 soleo
324 1980 339 2017 ε
372 1974 700 2018 ceterarum
722 1957 992 2018 homines
1015 1959 1224 2017 artium
1246 1956 1481 2037 speclati
1499 2004 1522 2032 ,

144 2042 206 2101 &
237 2039 514 2122 probati,
549 2039 598 2098 si
633 2037 868 2118 quando
895 2036 1111 2118 aliquid
1139 2039 1329 2096 minus
1363 2038 1521 2100 bene

142 2121 410 2184 fecerunt
431 2121 463 2191 ,”
492 2119 668 2200 quam
694 2116 882 2179 solent
900 2164 924 2191 ,
965 2134 1066 2178 aut
1100 2114 1378 2188 noluisse,
1423 2135 1522 2181 aut

141 2200 483 2264 valetudine
525 2196 792 2280 impediti
822 2221 945 2260 non
969 2196 1215 2279 potuisse
1246 2196 1524 2280 consequi

144 2284 203 2345 id
239 2282 405 2364 quod
448 2279 656 2340 scirent
687 2325 706 2354 ‚
756 2297 1048 2362 putantur.
1120 2277 1331 2339 Noluit
1355 2323 1376 2352 ,
1428 2281 1527 2339 in-

223 2365 235 2378 '
281 2381 349 2424 nt
369 2410 389 2436 ,
434 2362 636 2422 hodie.
662 2381 833 2444 agere
856 2354 1142 2435 Roscius3
1188 2375 1289 2420 aut
1309 2404 1331 2434 ‚
1368 2355 1525 2421 Cru-

147 2385 279 2506 ffl
297 2443 432 2504 fuit.

156 2592 169 2603 μ
235 2544 367 2607 125.
417 2523 692 2586 Otatoris
775 2539 1041 2584 eccatum
1064 2567 1085 2596 ,
1143 2523 1191 2582 si
1236 2521 1399 2604 quod
1441 2519 1526 2584 est

152 2603 613 2667 animadversum
641 2649 662 2678 ,
713 2544 962 2664 Kultitiae
1003 2601 1317 2684 peccatum
1353 2603 1531 2684 videf-

153 2704 274 2747 tur:
313 2686 551 2749 stultitia
577 2702 780 2746 autem
809 2681 1240 2745 excusationem
1268 2703 1390 2741 non
1420 2680 1528 2743 ha-

149 2767 246 2830 bet
262 2791 288 2843 3
331 2771 687 2910 quialqemo
720 2764 994 2840 videtur,
1029 2780 1128 2826 aut
1161 2762 1526 2907 quizcruduy

227 2855 280 2913 T
276 2872 435 2912 amus
541 2889 565 2910 .
652 2858 663 2867 “
