2017 3634
702 242 1364 343 zunul(
1580 291 1688 367 45

290 396 519 457 tratuS,
557 378 822 443 solebam
858 384 918 443 in
956 374 1281 465 prensando
1323 383 1615 449 dimittere
1650 404 1687 451 a

290 478 392 530 me
446 464 781 526 Scaevolam
817 509 837 538 ,
901 485 1081 547 quum
1128 468 1183 527 ei
1238 467 1317 527 ita
1368 467 1624 530 dicerem
1660 514 1684 544 ,

289 558 391 608 me
431 545 599 607 velle
655 542 768 606 effe
807 548 1072 627 ineptum
1114 567 1128 607 ε
1180 545 1242 606 id
1299 565 1421 608 erat
1474 567 1679 630 petere

290 627 568 687 blandius
602 645 621 699 ;
755 625 837 685 od
873 629 985 686 nisi
1024 629 1226 709 inepte
1260 625 1427 689 fieret
1454 674 1474 704 ‚
1524 630 1680 694 bene

289 729 420 769 non
451 704 645 790 posset
729 709 814 767 eri
842 725 859 766 τ
906 706 1064 766 hunc
1099 725 1297 769 autem
1333 707 1445 770 esse
1482 710 1680 773 homi-

289 808 437 850 nem
489 807 673 848 unum
722 808 798 848 ex
864 787 1137 867 omnibus
1163 833 1184 863 ,
1235 808 1356 870 quo
1401 788 1683 871 prasente

293 868 412 953 ego
461 871 696 951 ineptus
745 865 859 929 effe
904 869 1142 928 minime
1187 868 1406 931 vellem
1440 892 1455 932 ε
1505 891 1683 953 quem

378 950 545 1011 idem
590 969 745 1009 nunc
781 966 1046 1010 mearum
1085 951 1435 1031 ineptiarum
1473 951 1683 1016 testem

408 1029 446 1091 s
479 1029 802 1093 eflatorem
859 1027 1091 1091 fortuna
1146 1029 1459 1093 constituit.
1521 1032 1679 1098 Nam

291 1112 396 1195 [Jui
481 1109 567 1174 est
609 1113 862 1192 ineptius
887 1156 905 1184 ,
955 1112 1129 1194 quem
1178 1112 1253 1173 de
1296 1112 1552 1175 dicendo
1589 1115 1679 1197 di-

290 1213 432 1267 cere
455 1238 475 1268 ‚
526 1212 709 1274 quum
728 1189 980 1273 idipsum
1001 1239 1022 1267 ,
1068 1193 1263 1254 dicere
1287 1237 1307 1268 ‚
1359 1216 1679 1277 numquam

293 1278 370 1335 sit
420 1294 548 1333 non
590 1276 909 1355 ineptum3
962 1275 1070 1334 nisi
1121 1293 1303 1359 quum
1346 1273 1429 1335 est
1471 1296 1683 1338 neces·

287 1352 554 1416 sarium?
595 1353 781 1437 Perge
807 1353 955 1431 γει-ὸ
980 1399 1000 1426 ,
1041 1352 1277 1429 Craffe‚
1314 1356 1498 1437 inquit
1531 1355 1692 1417 Mu·.

293 1435 440 1517 cius.
485 1432 660 1497 Istam
698 1437 857 1496 enim
888 1435 1120 1517 culpam
1140 1477 1160 1507 ‚
1209 1455 1387 1516 quam
1418 1439 1639 1497 vereris
1659 1481 1682 1513 ,

296 1528 417 1602 ego
486 1516 779 1577 raestabm'
1313 1552 1320 1557 -

300 1600 309 1605 '
380 1538 595 1658 XgCV}
626 1595 717 1658 Sic
733 1596 913 1679 igitur
939 1590 1185 1668 censeo,
1211 1592 1397 1676 inquit
1415 1591 1642 1658 Crass'us
1658 1606 1687 1674 ,'

296 1680 574 1739 flaturam
609 1678 861 1760 primum
882 1721 902 1750 ,
945 1688 1119 1757 atque
1155 1676 1455 1758 ingenium
1481 1677 1556 1738 ad
1585 1678 1681 1741 di-

299 1759 558 1820 cendum
581 1762 699 1820 vim
718 1755 925 1818 afferre
944 1757 1255 1816 maximam
1277 1776 1291 1816 :
1315 1776 1509 1840 neque
1530 1763 1679 1823 verb

300 1839 414 1901 istis
436 1886 457 1915 ‚
489 1840 571 1900 de
601 1841 807 1922 quibus
831 1837 1161 1920 paulb'ante
1183 1834 1325 1898 dixit
1343 1836 1640 1902 ‘Antonius
1657 1887 1680 1919 ,

296 1920 677 2003 scriptoribus
738 1923 873 1979 artis
908 1963 928 1993 ‚
988 1920 1280 1979 rationem
1322 1918 1555 1981 dicendi
1613 1923 1679 1986 δι

301 2001 458 2064 iriam
486 2048 510 2075 ,
551 2000 654 2063 sed
678 2019 942 2060 naturam
972 1996 1229 2059 defuiffe.
1277 1997 1434 2060 Nam
1467 2002 1533 2062 δι
1554 2005 1681 2064 ani-

300 2086 424 2157 mi,
462 2096 655 2164 ‘atque
692 2081 911 2164 ingenii
943 2077 1163 2141 celeres
1202 2080 1442 2160 quidam
1479 2098 1679 2147 motus

302 2162 418 2225 esse
441 2163 693 2237 debent,
712 2163 814 2243 qui
837 2162 902 2221 &
918 2159 993 2220 ad
1017 2161 1469 2242 excogitandum
1487 2165 1638 2224 acuti
1653 2208 1680 2238 ,

306 2234 372 2306 Bt.
387 2244 462 2304 ad
482 2242 893 2326 explicandum
906 2286 927 2315 ,
948 2239 1393 2322 ornandumque
1412 2243 1524 2303 sint
1544 2242 1689 2305 ube-

303 2320 393 2388 res
413 2371 433 2402 ‚
488 2327 558 2388 &
599 2324 677 2386 ad
712 2325 1076 2385 memoriam·
1094 2318 1287 2396 firmi3
1330 2338 1505 2404 atque
1547 2323 1686 2386 diu.

302 2409 477 2469 turni.
642 2422 649 2427 ·
816 2424 825 2433 ’
1319 2424 1332 2433 ·

392 2506 527 2564 114.
567 2485 646 2547 Et
680 2486 730 2546 si
760 2485 888 2567 quis
923 2480 1042 2557 est,
1157 2483 1334 2545 ihaec-
1401 2499 1526 2547 utet
1552 2503 1681 2552 arte

306 2570 486 2652 accipi
566 2563 689 2630 offe
725 2610 747 2638 ,
800 2565 962 2646 quod
992 2562 1196 2624 falum
1225 2563 1308 2626 est
1401 2566 1681 2647 praelate

307 2653 457 2711 enim
494 2591 562 2712 ἐξ
586 2669 682 2709 res
715 2646 928 2706 habeat
948 2691 969 2720 ‚
1007 2649 1057 2704 si
1088 2645 1530 2719 haec-accendi,
1578 2663 1679 2708 aut

306 2728 677 2793 commoveri
714 2724 838 2788 erte
865 2726 1094 2808 possint
1125 2745 1140 2784 z
1195 2723 1364 2785 inseri
1397 2725 1677 2808 quidem,

305 2811 369 2878 δὲ
389 2812 600 2878 donari
618 2810 699 2875 ab
728 2820 856 2871 arte
878 2824 1006 2870 non
1026 2803 1296 2891 poffunt3
1324 2810 1521 2873 omnia
1547 2806 1680 2875 sunt
