2017 3634
561 221 1180 292 LIBERI.
1465 249 1631 302 21·

188 343 303 404 tius
323 338 582 401 audierat
601 383 624 412 ‚
658 337 962 404 hominem
996 341 1262 402 omnium
1287 341 1579 408 indicen-

194 423 276 484 do
297 467 319 494 ‚
362 439 427 481 ut
466 419 741 482 ferebant
763 463 784 491 ,
827 422 1169 481 acerrimum
1189 467 1209 498 ,
1251 425 1316 484 &
1359 430 1576 508 copio-

189 506 496 565 sissimum.
540 500 800 584 Vigebat
820 499 1051 561 auditor
1076 499 1308 565 Panaetii
1330 506 1474 568 illius
1491 511 1577 570 tui

189 583 620 657 Mnesarchus;
655 582 721 643 ὃ(
743 583 1111 663 peripatetici
1140 582 1387 648 Critolai
1414 587 1579 650 Dio-

190 667 395 728 dorus.

176 796 183 801 .
274 747 378 821 46.
410 743 591 805 Multi
608 759 773 804 erant
792 758 1075 824 praeterea
1099 746 1357 824 praeclari
1374 749 1433 809 in
1452 750 1580 830 phi-

189 827 465 910 losophia
491 870 512 900 ,
570 826 635 885 &
676 824 903 887 nobiles
924 868 946 897 ‚
996 846 1032 884 a
1071 825 1276 907 quibus
1310 832 1579 893 omnibus

195 909 315 970 una
386 927 501 968 ene
537 906 744 987 repelli
768 925 922 966 voce
961 922 1262 967 oratorem
1299 931 1332 971 a
1366 911 1585 992 gnber-

187 1010 352 1052 .nacu
377 991 390 1003 '
455 989 760 1048 civitatum
777 1031 797 1060 ‚
829 985 1058 1047 excludi
1083 987 1157 1047 ab
1182 993 1345 1052 omni
1371 991 1585 1055 deciri·-

182 1092 280 1132 .na
297 1115 319 1144 ,
357 1086 674 1149 rerumque
714 1064 1005 1147 majorum
1042 1066 1273 1129 scientia
1294 1115 1314 1146 ,
1349 1094 1417 1132 ac
1448 1090 1589 1136 tan-

198 1153 328 1213 tum
365 1153 430 1211 in
467 1147 682 1230 judicia
716 1149 781 1208 &
805 1149 1209 1210 contiunculas
1230 1195 1250 1224 ,
1289 1168 1585 1234 tamquam

197 1235 262 1293 in
289 1230 535 1313 aliquod
558 1228 852 1311 pistrinum
869 1273 889 1304 ,
911 1228 1175 1307 detrudi,
1206 1233 1269 1294 ὅ(
1288 1238 1588 1320 compingi

203 1312 510 1376 videbam.
1032 1372 1038 1377 .

292 1412 398 1471 47.
428 1390 551 1452 Sed
570 1410 687 1474 ego
705 1405 898 1473 neque
920 1389 1032 1450 illis
1054 1388 1393 1454 affentiebar
1415 1439 1436 1470 ,
1476 1417 1592 1458 ne·-

206 1495 328 1557 que
369 1473 579 1534 harum
621 1470 1076 1554 disputationum
1116 1473 1413 1534 inventori
1441 1518 1462 1548 ,
1527 1477 1594 1536 &

207 1556 465 1636 principi
494 1553 676 1635 longe
700 1554 966 1615 omnium
997 1553 1059 1610 in
1092 1550 1345 1614 dicendo
1369 1557 1598 1637 gravis-

196 1637 375 1705 ,simo
396 1679 417 1708 ,
456 1635 522 1694 &
558 1634 1080 1717 eloquentissimo,
1126 1631 1390 1710 Platoni,
1432 1635 1596 1718 cujus

213 1731 345 1777 tum
387 1713 646 1775 Athenis
703 1734 837 1774 cum
882 1711 1215 1775 Charmada
1265 1716 1594 1800 diligentius

212 1796 234 1857 l
315 1798 330 1812 ‘
365 1794 699 1877 Gorgiam:
739 1815 857 1876 quo
881 1796 942 1853 in
963 1793 1114 1857 libro
1134 1839 1155 1869 ,
1194 1795 1310 1857 hoc
1343 1802 1596 1860 maxime

196 1899 248 1938 -a
293 1878 552 1937 mirabar
577 1873 886 1935 Platonem
906 1918 927 1949 ,
957 1875 1117 1956 quod
1145 1878 1285 1939 mihi
1308 1880 1366 1938 in
1395 1898 1599 1943 orato-

213 1959 376 2020 ribus
398 1955 709 2018 irridendis
730 1954 849 2037 ipse
870 1953 981 2016 effe
1001 1971 1201 2017 orator
1231 1957 1482 2026 summus
1507 1966 1601 2023 vi-

188 2088 201 2095 .
218 2040 496 2100 debatur.
537 2036 729 2097 Verbi
761 2038 918 2097 enim
948 2042 1351 2100 controversia
1377 2038 1599 2120 jamdiu

192 2135 464 2200 ,torquet
502 2114 807 2179 Graeculos
848 2115 1118 2187 homines
1140 2160 1160 2192 ,
1211 2124 1603 2183 contentionis

222 2200 569 2282 cupidiores
580 2196 761 2278 quarn
777 2198 1061 2257 veritatis.

196 2342 205 2349 ,
309 2279 419 2354 48.
460 2277 622 2338 Nam
653 2279 701 2337 si
732 2278 858 2358 quis
880 2275 1036 2347 hunc
1055 2273 1246 2365 statuit
1271 2276 1385 2341 effe
1411 2294 1609 2345 orato·

194 2379 355 2427 ,rem
380 2404 405 2432 ‚
435 2360 538 2441 qui
562 2356 975 2425 tantummodo
1005 2358 1065 2416 in
1095 2377 1222 2436 jure
1242 2402 1265 2432 ,
1305 2376 1403 2423 aut
1431 2364 1491 2423 in
1513 2361 1608 2443 ju..

230 2441 394 2501 diciis
430 2439 619 2521 possit
639 2482 658 2511 ‚
679 2454 797 2507 ‚aut
837 2435 995 2518 apud
1041 2438 1324 2518 populum
1343 2485 1362 2514 ,
1411 2462 1507 2507 aut
1546 2448 1609 2505 'm

232 2516 698 2600 senatucopiose
711 2518 904 2599 loqui,
923 2532 1123 2577 tamen
1143 2518 1274 2581 huic
1300 2520 1611 2604 ipsimulta

204 2601 487 2672 ,ti-ibunt,
533 2600 603 2660 &
630 2598 924 2659 conoedat
966 2597 1192 2659 necesse
1239 2598 1337 2661 est.
1401 2602 1614 2683 Neque

216 2684 390 2741 enim
413 2684 542 2741 sine
568 2678 755 2740 multa
776 2676 1225 2760 pertrachtione
1245 2683 1505 2747 omnium
1528 2704 1619 2747 re-

206 2781 366 2831 ,rum
390 2756 799 2847 publicarum,
830 2768 1028 2842 'neque
1060 2761 1182 2823 sine
1210 2758 1405 2844 legu'm
1425 2807 1446 2838 ,
1483 2778 1644 2837 ino-f
