2017 3634
462 178 1210 287 -”Ι.ι,Βειι-Ῑ.·
1439 206 1545 301 '33

174 376 185 384 ,
255 313 481 381 XVIII.
524 316 688 379 Tum
722 315 1021 385 Antonius
1042 361 1062 392 ,
1100 314 1321 379 Probas
1356 316 1548 390 mihi',

178 397 396 479 inquit,
439 398 584 475 ista,
620 395 819 460 Craffe
842 443 862 471 ,
906 396 1034 480 quae
1070 398 1247 459 dicis:
1288 417 1399 460 nec
1434 398 1550 479 du?

180 474 297 540 bito
320 525 343 556 ,
383 483 527 565 quin
572 479 761 540 multb
804 479 1156 561 locupletior
1191 480 1249 539 in
1288 478 1541 542 dicendo

172 558 493 623 futurus‘sit
513 607 537 634 ,
587 564 636 621 si
671 562 797 643 quis
836 563 1101 623 omnium
1134 581 1329 622 rerum
1367 577 1541 643 atque

161 659 368 784 Ξτετωπι
390 645 684 705 tationem
698 686 719 717 ,
743 659 1126 725 naturamque
1148 640 1542 724 comprehen-

236 740 326 783 nt.

239 802 340 864 81.
390 802 518 865 Sed
553 804 805 886 primhm
851 801 914 862 id
954 798 1187 875 difficile
1230 800 1311 864 est
1346 803 1495 867 faRu
1517 850 1541 885 ,

152 883 477 967 prasertim
518 886 578 945 in
618 884 732 965 ‚hac
781 882 976 944 nostra
1016 885 1138 945 vita
1159 929 1184 958 ,
1229 881 1543 969 nostrisque

156 965 649 1048 occupationibus
685 987 701 1025 t
763 964 977 1047 deinde
1004 964 1167 1039 ,illud
1208 967 1384 1028 etiam
1425 988 1545 1030 ve-

154 1047 408 1108 rendum
431 1046 515 1109 est
533 1092 554 1122 ,
593 1067 670 1107 ne
691 1044 1081 1107 abstrahamur
1100 1047 1174 1107 ab
1190 1046 1297 1108 hac
1317 1046 1544 1111 exerci-

152 1131 379 1191 tatione
399 1174 422 1203 ‚
455 1128 521 1190 &
547 1126 960 1190 consuetudine
980 1128 1211 1189 dicendi
1231 1130 1540 1213 populari,
1639 1142 1644 1145 *

144 1198 221 1271 s&
240 1209 494 1272 forensi.
538 1207 735 1269 ‘Aliud
761 1211 919 1270 enim
943 1209 1087 1270 mihi
1109 1212 1406 1292 qubddam
1431 1233 1541 1295 ge-

152 1310 260 1351 nus
282 1292 572 1353 orationis
591 1288 706 1352 esse
723 1290 957 1352 videtur
976 1300 1183 1351 eorum
1203 1289 1540 1369 hominum‘,

152 1372 230 1434 de
271 1364 699 1455 quibus²paulb
730 1371 864 1432 ante
895 1369 1082 1432 dixisti
1100 1417 1122 1447 ‚
1157 1375 1422 1454 quamvis
1459 1375 1544 1436 illi

150 1456 367 1515 ornate
388 1498 409 1528 ,
450 1453 516 1514 δι
552 1455 802 1537 graviter
830 1468 928 1512 aut
955 1452 1030 1512 de
1068 1469 1270 1513 natura
1306 1454 1545 1530 rerum}

150 1553 249 1596 aut
278 1534 365 1596 de
385 1535 649 1596 humanis
682 1535 859 1596 rebus
895 1532 1226 1615 loquantur.
1274 1531 1545 1596 Nitidum

191 1615 469 1677 uoddam
498 1635 677 1698 genus
707 1613 792 1676 est
809 1614 1132 1676 verborum
1150 1659 1170 1690 ,
1208 1614 1274 1676 &
1300 1614 1498 1677 laetum
1517 1637 1545 1695 3

175 1698 250 1759 ed
284 1694 562 1779 palaestrae
588 1699 772 1779 magis
792 1741 812 1770 ‚
850 1695 917 1756 &
949 1694 1109 1772 olei,
1156 1695 1333 1779 quam
1368 1695 1541 1780 hujus

154 1780 344 1840 civilis
369 1777 554 1839 turbae
574 1823 594 1853 ,
632 1798 696 1837 ac
723 1776 858 1838 fori.
982 1774 991 1783 ’

234 1860 344 1922 82.
377 1858 653 1940 Namque
679 1873 954 1942 egomet,
980 1859 1078 1941 qui
1100 1856 1226 1921 serb
1246 1905 1266 1936 ,
1295 1882 1363 1921 ac
1390 1860 1543 1924 levi-

138 1959 241 2003 .ter
273 1939 521 2004 Graecas
541 1940 761 2000 litteras
781 1938 1079 2023 attigiss'em
1097 1985 1117 2014 ‚
1143 1958 1340 2003 tamen
1358 1964 1543 2025 quum

154 2022 474 2104 proconsul
499 2025 558 2082 in
587 2018 852 2081 Ciliciam
877 2019 1244 2104 proficiscens
1274 2021 1543 2086 Athenas

150 2101 447 2166 venissem
482 2147 502 2177 ,
559 2102 890 2184 complures
941 2120 1068 2173 tum
1122 2102 1202 2163 ibi
1249 2100 1372 2165 dies
1417 2102 1545 2173 sum

154 2204 413 2268 propter
439 2182 752 2266 navigandi
787 2180 1190 2244 difficultatem
1209 2205 1549 2267 commota,-

152 2285 249 2328 ms
274 2288 294 2327 ε
329 2265 469 2338 sed,
506 2285 688 2347 quum
712 2264 972 2347 quotidie
997 2285 1233 2324 mecum
1264 2266 1547 2328 haberem

140 2347 435 2411 homines
470 2344 878 2421 dofflssimos.,
923 2365 1029 2408 eos
1056 2343 1179 2406 fere
1206 2344 1359 2428 ipsos
1386 2393 1405 2427 ,
1449 2352 1551 2433 qui

156 2429 260 2490 abs
280 2446 343 2491 te
368 2427 557 2490 modb
579 2425 709 2488 sunt
732 2426 1051 2501 nominati,
1077 2448 1374 2513 quumque
1396 2426 1548 2508 hoc',

150 2509 359 2573 nescio
399 2507 714 2593 quomodo
739 2554 759 2583 ‚
805 2530 839 2569 a
923 2509 962 2570 d
995 2529 1100 2571 eos
1139 2510 1551 2587 increbuisset,

142 2612 254 2654 sne
280 2595 355 2653 in
392 2593 584 2653 causis
627 2587 835 2671 majori
875 2612 987 2663 us,
1023 2592 1191 2651 sicuti
1233 2610 1330 2666 te,
1362 2592 1551 2655 solere

143 2694 228 2735 ‚ve
241 2672 420 2749 rsari3
457 2694 574 2756 pro
600 2670 660 2734 se
681 2669 915 2755 quisque
934 2688 998 2731 ut
1022 2688 1289 2752 poterat,
1319 2672 1393 2755 de
1420 2672 1552 2746 offis,

142 2757 243 2829 fiio
285 2757 351 2822 &
373 2757 613 2820 ratione
640 2756 888 2818 oratoris
911 2750 1253 2896 dispungat.

1198 2856 1241 2900 v
