2017 3634
400 246 1259 324 :CvNSULA‘rUS.
1384 262 1539 351 '529

104 364 169 419 {n
207 380 338 416 eum
377 363 622 431 judicium
672 364 893 432 quotidie
937 365 1199 436 flagitetur.
1249 370 1345 422 Hic
1383 373 1436 423 >se
1470 374 1542 427 sie

107 441 318 498 habe't,
350 450 416 488 ut
449 439 599 507 magis
627 438 823 496 timeat,
866 439 1055 492 etiamsi
1075 444 1320 509 quieverit
1340 479 1358 502 ,
1398 450 1541 513 quam

109 525 175 563 ut
213 508 560 570 eonternnat,
595 511 638 561 si
669 511 785 578 quid
819 517 1158 567 commoverit.
1200 515 1401 582 Quanto
1442 537 1543 571 me»

115 587 227 637 lior
258 585 363 636 tibi
405 585 608 635 fortuna
644 585 891 650 petitionis
926 587 1038 636 data
1072 589 1139 638 est
1160 624 1176 650 ,
1212 595 1542 659 quam'nuper

112 659 325 709 homini
372 674 547 716 novo,
589 657 650 705 C.
695 655 904 706 Coelio?
941 659 1032 708 me
1070 676 1178 711 cum
1218 666 1404 717 duobus
1454 667 1541 717 ho-

111 731 352 782 minibus
389 731 465 779 ita
505 728 810 779 nobilissirm's
841 731 1070 794 petebat,
1114 745 1170 782 ut
1203 747 1363 789 tamen
1401 740 1449 789 in
1480 740 1539 791 iis

117 804 303 854 omnia
325 802 493 868 pluris
517 800 668 852 effent
682 832 697 858 2
716 804 856 867 quam
878 802 977 868 ipsa
994 804 1252 865 nobilium
1277 810 1450 861 summa
1470 812 1542 863 in-

117 876 285 947 genia
302 909 321 934 ,
369 874 584 924 summus
604 873 762 940 pudor
781 904 795 933 ‚
831 875 1036 940 plurima
1066 877 1300 931 beneficia
1320 914 1337 941 ,
1364 883 1541 937 summa

115 949 262 1004 ratio
300 964 367 999 ac
409 947 664 1015 diligentia
694 948 891 1014 petendi
910 965 931 999 -:
962 961 1124 1001 tamen
1143 968 1317 1004 eorum
1337 956 1543 1008 alterum

120 1022 339 1079 Coelius
363 1054 380 1079 ,
425 1028 574 1087 quum
612 1018 765 1071 multo
796 1020 914 1072 effet
954 1022 1155 1075 inferior
1170 1043 1384 1095 genere,
1405 1029 1545 1098 supe·

120 1097 236 1150 aior
269 1094 422 1146 nulla
464 1110 519 1144 re
554 1110 717 1161 pene,
760 1094 1019 1160 superavit.

211 1185 308 1221 ιο.
355 1167 536 1232 Quare
558 1200 574 1227 ,
608 1168 649 1218 si
683 1166 832 1219 facies
872 1185 965 1229 ea,
1009 1188 1118 1237 quae
1154 1173 1242 1224 tibi
1272 1187 1440 1228 natura
1485 1178 1540 1230 δι

122 1242 292 1294 studia
315 1274 336 1298 ‚
378 1241 555 1306 quibus
589 1241 696 1290 usus
729 1257 784 1290 es
819 1240 1006 1307 semper
1026 1277 1042 1299 ,
1081 1246 1349 1313 largiuntur
1369 1267 1389 1308 5
1428 1267 1538 1317 que

122 1313 387 1382 temporis
409 1312 488 1362 tui
506 1313 631 1362 ratio
653 1312 898 1362 desiderat
912 1328 931 1372 5
954 1331 1061 1381 quae
1091 1331 1234 1381 potes
1257 1337 1274 1377 5
1316 1338 1424 1387 quae
1447 1323 1540 1372 de-

121 1389 221 1439 bes
247 1404 267 1447 5
306 1401 421 1435 non
466 1384 561 1434 erit
594 1381 794 1435 difficile
824 1399 1073 1437 certamen
1102 1406 1210 1441 cum
1244 1392 1301 1444 iis
1342 1410 1537 1461 compe-

124 1459 383 1511 titoribus
402 1488 420 1515 ,
468 1456 550 1522 qui
583 1472 883 1523 nequaquam
915 1458 1025 1509 sunt
1058 1473 1158 1511 tam
1200 1480 1384 1532 genere
1421 1469 1541 1520 insi-

125 1549 260 1602 gnes
281 1564 299 1590 ,
338 1531 490 1597 quam
514 1529 642 1579 vitiis
668 1529 877 1582 nobiles.
914 1530 1040 1595 Quis
1063 1535 1191 1585 enim
1220 1540 1424 1605 reperiri
1447 1558 1538 1608 po·

127 1605 228 1659 test
263 1617 372 1657 tam
426 1602 680 1669 improbus
721 1603 876 1662 civis,
903 1605 986 1671 qui
1023 1608 1144 1659 velit
1182 1627 1280 1661 uno
1313 1611 1536 1683 suffragio

124 1679 257 1730 duas
281 1678 335 1729 in
356 1675 710 1742 rempublicam
725 1676 849 1727 sicas
867 1678 1203 1748 destringere.)

202 1753 232 1804 1
247 1753 327 1805 V.
372 1749 627 1815 Quoniam
642 1749 823 1818 iginii-5
845 1768 952 1817 quae
974 1751 1177 1805 subsidia
1199 1757 1428 1811 novitatis
1450 1760 1535 1812 ha·

126 1825 279 1877 heres
302 1858 318 1885 ,
349 1824 405 1876 &
434 1823 619 1873 habere
640 1821 795 1890 poffes
811 1857 827 1881 ,
851 1825 1082 1891 exposui3
1104 1844 1231 1880 nunc
1256 1831 1317 1882 de
1350 1835 1535 1903 magni·

127 1899 307 1950 tudine
356 1895 621 1964 petitionis
667 1895 921 1947 dicendum
966 1898 1175 1952 videtur.
1228 1902 1533 1972 Confielatum

121 1971 253 2038 petis
267 1988 287 2030 ;
313 1988 420 2039 quo
444 1969 640 2020 honore
657 2001 676 2026 ‚
715 1985 859 2021 nemo
881 1970 979 2031 est,
1016 1974 1130 2040 quin
1155 1987 1206 2026 te
1230 1978 1424 2048 dignum
1449 1999 1535 2032 at-

125 2044 346 2097 bitretur
360 2060 380 2104 5
424 2042 518 2094 sed
535 2041 703 2102 multi,
731 2044 812 2109 qui
831 2044 1099 2098 invideant.
1137 2046 1266 2102 Petis
1288 2054 1418 2103 enim
1438 2055 1534 2106 ho-

125 2133 211 2168 mo
256 2135 323 2168 ex
353 2114 574 2185 equestri
613 2117 728 2166 loco
754 2115 982 2167 summum
1002 2120 1167 2169 locum
1186 2123 1430 2186 civitatis;
1454 2142 1535 2179 at-

128 2206 227 2256 que
251 2191 320 2241 ita
341 2192 586 2245 summum
602 2220 621 2245 ‚
643 2199 699 2236 ut
720 2187 837 2238 forti
856 2190 965 2239 viro
983 2223 999 2248 ,
1024 2191 1202 2242 diserto
1222 2227 1238 2252 ,
1258 2195 1530 2260 innocenti,

128 2263 289 2315 multo
323 2265 468 2314 idem
499 2262 582 2311 ine
618 2259 778 2310 honos
818 2261 930 2328 plus
976 2264 1297 2330 ampiitudinis
1316 2303 1331 2329 ‚
1385 2276 1527 2338 quam

130 2337 313 2388 ceteris
343 2335 547 2388 afferat.
584 2333 704 2384 Noli
733 2345 940 2400 putate,
972 2352 1097 2394 eos·
1123 2340 1333 2404 quisunt
1353 2360 1417 2395 eo
1437 2345 1531 2398 ho·

130 2424 256 2460 nore
289 2410 372 2460 usi
392 2438 413 2469 ‚
457 2423 558 2459 non
593 2406 761 2458 videre
782 2439 800 2466 ,
840 2419 930 2468 tu,
961 2426 1111 2476 quum
1143 2411 1271 2463 idem
1291 2415 1355 2466 sis
1377 2419 1532 2486 adep-

130 2492 253 2540 tus.
286 2483 405 2548 quid
442 2480 691 2548 dignitatis
715 2480 961 2533 habiturus
993 2482 1060 2535 sis
1091 2498 1108 2535 ε
1140 2501 1227 2537 eos
1260 2487 1413 2550 vero,
1444 2492 1529 2560 qui

135 2555 477 2605 consularibus
523 2552 709 2604 familiis
752 2555 854 2605 nati
880 2556 1044 2606 locum
1075 2556 1308 2625 majorum
1352 2565 1529 2615 conse-

134 2627 247 2677 cuti
275 2642 380 2677 non
409 2626 520 2676 sunt
541 2659 557 2683 ‚
593 2626 804 2692 suspicor
824 2661 840 2688 ,
866 2629 955 2679 tibi
976 2662 994 2688 ‚
1023 2631 1115 2682 nisi
1159 2633 1240 2700 qui
1270 2635 1528 2692 admodum

138 2710 195 2748 te
221 2710 417 2755 amant,
454 2698 694 2750 invidere.
1513 2768 1520 2774 Ο

136 2783 166 2823 2·
226 2784 331 2847 ¹²&
357 2769 515 2845 Etiam
549 2788 706 2825 novos
723 2771 943 2829 homines
981 2779 1239 2846 praetorios
1277 2781 1523 2850 existimo,

231 2862 440 2922 Tomus
479 2840 564 2925 Π.
1214 2867 1265 2929 Ζ
