2017 3634
454 321 1253 411 Onarontnv‘s.
1387 338 1538 420 503·

152 440 330 502 ,fuum
351 438 598 501 studium
621 443 876 514 remisit,
912 460 1032 523 quo
1066 463 1100 500 a
1133 460 1320 521 puero
1353 439 1542 502 fuerat

162 521 466 594 incensuS,
495 522 666 603 etque
716 523 778 581 in
822 524 1087 581 omnium
1121 541 1314 582 rerum
1351 522 1544 583 abun-

158 603 367 662 dantia
390 603 575 663 voluit
598 603 851 675 henniis,
887 617 948 661 ut
980 600 1098 682 ipse
1139 603 1376 682 putabat
1396 647 1415 677 ‚
1450 623 1545 663 re·

161 685 392 744 missins
423 682 612 755 certe,
635 685 859 742 vivere.
887 681 1139 754 Primus,
1172 684 1234 741 &
1261 683 1541 744 secundus

164 784 352 843 onnus
374 808 392 838 ,
430 765 496 824 &
528 765 730 823 tertius
756 763 980 822 tantiim
1013 764 1173 844 quasi
1213 761 1287 822 de
1312 758 1544 843 piaurae

165 847 389 904 veteris
432 844 634 905 colore
691 842 1016 903 detraxerat
1039 885 1057 915 ‚
1101 845 1379 923 quanthm
1420 866 1543 904 non

162 925 360 1005 quivis
379 946 525 984 unus
542 942 615 985 ex
636 924 863 1005 populo
879 968 898 997 ‚
913 921 1016 984 sed
1035 919 1386 984 existimator
1409 923 1549 984 doc·-

168 1019 266 1084 tus
283 1049 303 1077 ‚
344 1006 752 1089 &intelligens
772 1000 959 1084 poffet
978 1002 1353 1084 cognoscere.
1389 1004 1548 1064 Lon·

170 1085 300 1166 giiis
320 1101 511 1145 autem
529 1084 855 1167 procedens
870 1130 888 1158 ‚
909 1103 1085 1166 quur-n
1103 1087 1161 1143 in
1182 1087 1388 1145 ceteris
1408 1084 1548 1147 elo-

170 1167 424 1245 quentiae
463 1166 749 1246 partibus,
782 1182 905 1224 tum
944 1165 1195 1224 maxime
1230 1168 1314 1225 in·
1337 1160 1545 1227 celeriss

167 1261 294 1304 tate
334 1247 398 1305 &
429 1248 862 1305 continuatione
901 1246 1218 1304 verborum
1264 1246 1548 1307 adhaeres-

171 1344 316 1384 cens
337 1370 356 1398 ‚
390 1324 471 1384 sui
508 1325 835 1385 dissimilior
880 1323 1189 1385 videbatur
1230 1322 1356 1385 fieri
1392 1347 1548 1406 quo-

161 1404 337 1466 tidie.

166 1492 175 1499 '
265 1499 401 1562 321.
457 1479 586 1542 Nos
643 1499 838 1541 autern
897 1502 1019 1542 non
1094 1481 1501 1544 desistebamus
1523 1526 1545 1559 ,

171 1584 361 1647 quum
423 1565 586 1621 omni
637 1581 851 1645 genere
911 1565 1335 1624 exercitationis
1362 1609 1380 1635 ,
1421 1581 1547 1625 tum

172 1643 430 1709 mxime
468 1641 635 1715 stiio,
667 1640 921 1701 nostru—m
956 1643 1098 1701 illud
1120 1688 1139 1714 ‚
1187 1644 1348 1724 quod
1385 1663 1508 1705 erat
1528 1692 1549 1720 ‚

172 1744 392 1806 augere
411 1768 430 1799 ,
455 1740 982 1805 quantumcumque
1013 1741 1156 1783 erat.
1199 1724 1395 1804 Atque
1424 1768 1443 1797 ‚
1484 1744 1548 1786 ut

172 1805 358 1867 multa
404 1807 670 1864 omittam
698 1848 719 1877 ‚
764 1806 824 1862 in
860 1803 975 1863 hoc
1012 1802 1234 1884 spatio,
1281 1805 1340 1863 ὅ(
1389 1807 1447 1862 in
1477 1810 1550 1867 iis

132 1936 157 1953 χ
174 1885 308 1971 post
335 1886 668 1966 aedilitatetn
699 1887 860 1944 annis
882 1928 904 1956 ,
948 1883 1016 1943 δι
1038 1902 1253 1965 praetor
1286 1886 1501 1965 primus
1527 1928 1550 1961 ‚

177 1968 246 2027 &
268 1967 584 2028 incredibili
601 1965 866 2048 populari
884 1965 1186 2026 voluntate
1208 1963 1240 2024 s
1234 1987 1327 2024 um
1350 1965 1548 2029 fastus.

177 2044 335 2108 Nam
361 2069 538 2131 quum
566 2065 809 2128 propter
857 2047 1251 2106 assiduitatem
1281 2049 1335 2106 in
1369 2052 1550 2109 causis

182 2128 596 2191 &industriam
617 2173 634 2201 ,
663 2147 787 2186 tum
813 2146 1055 2206 propter
1081 2131 1407 2205 exquisitius
1430 2173 1449 2198 ‚
1480 2132 1548 2190 δε

176 2210 416 2270 minime
453 2208 693 2288 vulgare
732 2207 1008 2266 orationis
1049 2225 1230 2285 genus
1254 2249 1274 2277 ‚
1320 2210 1549 2270 animos

175 2291 481 2353 hominum
512 2289 588 2348 ad
615 2306 712 2346 me
747 2285 980 2346 dicendi
1012 2288 1275 2345 novitate
1296 2307 1553 2350 conver.

172 2388 382 2432 teram.

186 2474 197 2485 ²
266 2470 399 2530 322.
443 2448 601 2509 Nihil
633 2447 709 2508 de
739 2466 837 2508 me
872 2445 1061 2506 dicam
1096 2466 1113 2506 τ
1147 2446 1336 2506 dicam
1362 2448 1435 2511 de
1456 2466 1554 2512 ce·-

174 2535 314 2593 teris
341 2575 360 2600 ‚
394 2549 642 2610 quorum
682 2548 860 2587 nemo
908 2543 1030 2587 erat
1061 2572 1081 2601 ‚
1131 2531 1229 2607 qui
1255 2528 1554 2592 videretur

178 2611 537 2691 exquisitim,
557 2607 731 2686 quiam
747 2607 952 2687 vulgus
967 2609 1293 2681 hominum,
1308 2607 1552 2671 studuist-

178 2692 241 2753 fe
270 2689 472 2749 litteris
493 2730 513 2758 ‚
549 2688 752 2766 quibus
781 2685 915 2744 fons
949 2686 1218 2766 perfeciae
1256 2688 1548 2771 eloquen»

180 2774 281 2833 tiae
319 2769 646 2827 continetur
685 2786 699 2823 z
744 2785 964 2836 nem0‚
1003 2769 1101 2845 qui
1127 2769 1550 2853 philosophiam

185 2846 546 2989 complexus!
566 2843 745 2919 effet,
785 2863 1034 2908 matrem
1086 2851 1347 2989 omniqu
1398 2856 1551 2928 hene,

270 2935 472 2994 Tomus
559 2931 606 2990 I.
1350 2930 1356 2935 ⁴
