2017 3634
548 220 699 293 288
847 222 1002 309 DE
1068 219 1298 289 ORA
1336 238 1632 303 ronza-

632 357 726 422 52.
767 338 991 400 Faciies
1025 339 1222 410 enim,
1250 337 1471 418 inquit,
1502 336 1769 413 Antoni,
1791 360 1922 421 par-

543 435 631 482 tes
656 441 738 481 eae
758 419 997 479 fuerunt
1023 419 1185 492 duae,
1227 437 1368 497 quas
1397 419 1584 478 modo
1619 424 1872 500 percurri
1896 465 1915 494 ,

542 500 643 561 vel
668 502 860 581 potius
886 519 1041 580 pene
1066 500 1311 578 praeterii
1326 543 1346 572 ‚
1377 498 1581 559 Latine
1608 500 1918 583 loquendi,

539 580 828 662 planeque
874 578 1109 641 dic'endi
1141 600 1157 638 ε
1218 579 1455 660 reliquae
1491 580 1620 640 sunt
1651 604 1878 665 magnae
1898 627 1918 656 ,

536 661 842 742 implicata».
865 707 885 737 ,
926 662 1142 734 variae,
1192 680 1442 741 grava,
1484 662 1694 742 quibus
1733 666 1916 724 omnis

541 742 849 804 admiratio
890 745 948 802 in
993 744 1143 815 enii,
1183 744 1378 799 omnis
1407 741 1531 801 laus
1567 743 1920 825 eloquentiae

543 828 895 886 continetur.
1012 843 1149 882 erno
1176 822 1332 880 enirn
1360 842 1644 903 umquam
1672 823 1758 884 est
1792 848 1920 885 ora-

541 919 736 966 torem
758 951 778 979 ,
859 904 981 964 uod
1014 903 1217 964 Latine
1252 902 1588 983 loqueretur
1608 948 1630 978 ,
1671 906 1915 966 adrnira-

541 1002 670 1046 tus:
715 989 815 1047 sie
882 986 1084 1059 aliter,
1106 983 1344 1043 irrident
1370 1004 1388 1055 ;
1416 1004 1610 1065 neque
1632 1006 1770 1046 eum
1791 1009 1916 1049 ora-

539 1083 734 1128 torem
755 1065 1169 1128 tantummodo
1186 1109 1206 1139 ,
1226 1062 1327 1124 sed
1353 1065 1659 1126 hominem
1680 1089 1806 1129 non
1822 1089 1915 1152 pu·

541 1164 688 1208 tant.
729 1145 929 1208 Nemo
956 1148 1159 1208 extulit
1188 1165 1324 1206 eum
1350 1146 1547 1206 verbis
1565 1191 1585 1220 ‚
1620 1151 1721 1229 qui
1743 1152 1820 1210 ita
1840 1150 1918 1209 di·

540 1226 705 1291 xiss‘et
724 1273 744 1302 ‚
775 1247 837 1288 ut
860 1273 879 1301 ,
914 1230 1012 1309 qui
1036 1224 1329 1300 adeffent‚
1361 1227 1760 1310 intelligerent
1781 1229 1912 1312 quid

543 1309 764 1371 diceret
785 1330 804 1382 3
831 1308 930 1370 sed
951 1310 1306 1389 contempsit
1323 1327 1497 1381 eum,
1528 1311 1630 1390 qui
1649 1313 1839 1372 minus
1856 1310 1912 1371 id

543 1389 737 1452 ficere
807 1388 1054 1451 emisset.
1128 1435 1134 1441 ·
1365 1438 1372 1441 -

555 1464 562 1469 ’
632 1490 726 1553 53.
836 1494 958 1554 quo
982 1472 1152 1552 igitur
1171 1469 1443 1530 homines
1464 1464 1909 1533 exhorrescunt?

543 1573 719 1637 quem
736 1548 1033 1633 stupefacti
1048 1551 1343 1610 dicentem
1363 1553 1699 1615 intuentur?
1719 1555 1780 1612 in
1801 1575 1911 1636 quo
1989 1620 1990 1627 χ

543 1634 867 1697 exclamant
901 1632 924 1693 ἓ
974 1652 1158 1714 quem
1198 1630 1417 1706 deum,
1463 1649 1528 1692 ut
1565 1635 1647 1692 ita
1689 1634 1908 1709 dicam,

538 1716 691 1779 inter
730 1714 997 1774 homines
1036 1728 1241 1794 putant
1270 1708 1294 1772 ?
1344 1713 1444 1794 qui
1479 1710 1741 1775 distinete
1764 1761 1784 1791 ,
1820 1717 1909 1796 qui

540 1795 828 1878 explicate
845 1839 868 1868 ‚
905 1796 1004 1876 qui
1032 1793 1394 1854 abundanter
1412 1838 1434 1868 ,
1551 1796 1571 1853 i
1595 1795 1906 1856 illuminate

541 1877 607 1937 &
632 1876 802 1936 rebus
821 1920 841 1949 ,
880 1876 944 1936 &
976 1874 1169 1935 verbis
1205 1873 1403 1935 dicunt
1421 1920 1442 1950 ,
1469 1815 1548 1935 Ξῖ
1569 1877 1630 1935 in
1651 1875 1773 1957 ipsa
1787 1898 1908 1938 ora·

536 1960 703 2021 tione
751 1957 909 2037 quasi
950 1954 1272 2037 quemdam
1304 1975 1615 2016 numerum
1651 1956 1906 2019 versum-

622 2058 655 2099 e
682 2033 996 2098 conficiunt
1018 2056 1038 2110 ;
1069 2035 1128 2095 id
1155 2032 1238 2096 est
1255 2080 1275 2110 ‚
1300 2036 1462 2118 quod
1486 2036 1624 2097 dico
1642 2082 1664 2111 ‚
1688 2039 1903 2099 ornate.

610 2122 669 2180 ui
694 2117 859 2181 idem
888 2119 973 2177 ita
1001 2117 1416 2188 moderantur,
1448 2134 1511 2177 ut
1537 2117 1903 2199 personarum

539 2201 843 2285 dignitates
864 2197 1058 2260 ferunt
1077 2244 1098 2272 ‚
1127 2199 1167 2258 ii
1195 2195 1322 2257 sunt
1346 2199 1407 2256 in
1432 2217 1507 2258 eo
1537 2218 1759 2281 genere
1786 2200 1901 2259 lau-

538 2270 715 2344 dandi
729 2278 945 2357 laudis,
963 2278 1124 2362 quod
1145 2298 1261 2361 ego
1276 2294 1475 2360 aptum
1497 2278 1564 2340 &
1584 2298 1901 2365 congruens

535 2365 800 2427 nomino·

543 2436 561 2511 s
622 2463 716 2527 54.
758 2441 886 2522 Qui
905 2443 983 2501 ita
1004 2439 1264 2500 dicerent
1281 2484 1303 2514 ,
1335 2459 1440 2500 eos
1461 2438 1706 2523 negavit
1726 2440 1898 2503 adhuc

530 2525 590 2588 se
620 2520 822 2588 vidisse
847 2519 1144 2581 Antonius
1167 2565 1187 2595 ,
1229 2520 1294 2581 &
1326 2523 1392 2580 iis
1419 2520 1538 2581 hoc
1575 2541 1798 2594 nomen
1821 2522 1897 2580 di-

531 2611 616 2675 xit
630 2604 975 2687 eloquentiae
995 2599 1132 2663 solis
1147 2599 1260 2663 ess'e
1280 2601 1678 2663 tribuendum.
1701 2603 1892 2684 Quare

535 2708 742 2752 ornnes
770 2683 906 2746 istos
927 2729 947 2759 ,
986 2703 1084 2744 me
1122 2680 1396 2757 auktore,
1430 2682 1698 2744 deridete
1734 2700 1893 2765 atque

532 2768 895 2839 contemnite
917 2809 938 2841 ‚
981 2765 1082 2848 qui
1110 2761 1170 2828 se
1205 2763 1458 2840 horum,
1497 2765 1599 2845 qui
1631 2785 1787 2824 nunc
1824 2766 1894 2822 ita

1491 2845 1887 2928 appellantur,
