2017 3634
453 259 602 335 13².
750 239 916 317 sz:
971 236 1537 310 ΟιιΑτοιτΕ

446 357 534 416 nis
591 358 677 416 in·
705 354 1039 436 hujusmodi
1089 358 1274 417 causis
1328 358 1693 418 accuratiore
1747 355 1832 419 est

444 437 730 498 utendum
750 482 768 509 ‚
790 438 1013 497 idcirco
1034 459 1165 519 pars
1188 440 1364 498 etiam
1389 438 1510 497 haec
1534 436 1832 499 causarum

446 517 808 579 numeranda
832 519 1068 579 videtur
1090 563 1110 592 ‚
1153 536 1251 578 aut
1279 521 1531 600 propriis
1555 539 1832 602 praecep-

445 602 520 659 tis
541 596 917 661 instruenda?
946 598 1195 659 Minime
1212 600 1360 661 verb
1377 644 1396 673 ‚
1433 601 1621 683 inquit
1641 599 1835 661 Catu-

447 679 568 739 lus:
595 700 718 740 non
744 683 903 741 enim
918 680 1102 740 deerit
1119 680 1345 740 homini
1366 678 1577 742 diserto
1596 683 1661 740 in
1682 679 1833 761 ejus-

445 760 615 821 modi
645 760 816 824 rebus
852 760 1092 822 facultas
1115 805 1136 835 ,
1183 780 1258 821 ex
1300 764 1504 822 ceteris
1541 762 1730 823 rebus
1765 763 1832 825 δε

447 844 635 902 causis
659 858 1020 922 comparata.

539 940 632 1002 50.
676 922 837 1005 Ergo
863 925 1007 982 item
1030 967 1050 996 ‚
1081 922 1267 1003 inquit
1286 965 1307 995 ‚
1344 921 1440 982 illa
1461 968 1481 995 ‚
1519 943 1650 1005 quae
1679 921 1835 1006 saepe

449 1001 656 1065 diserte
687 1003 915 1084 agenda
929 1000 1057 1062 sunt
1072 1048 1094 1077 ‚
1121 1003 1187 1063 &
1212 1023 1342 1084 quae
1360 1023 1475 1086 ego
1496 1005 1677 1084 paulo
1696 1005 1836 1065 ante

444 1082 666 1163 (quum
710 1083 1108 1164 eloquentiam
1151 1083 1491 1157 laudarem)
1532 1085 1651 1144 dixi
1694 1106 1837 1145 ora-

450 1165 593 1223 toris
615 1160 728 1224 esse
744 1208 764 1237 ,
795 1184 984 1245 neque
1005 1165 1224 1225 habent
1248 1162 1409 1225 suum
1432 1165 1630 1225 locum
1649 1165 1840 1227 ullum

448 1245 511 1303 in
539 1243 824 1306 divisione
863 1245 1113 1325 partium
1132 1289 1153 1319 ‚
1197 1265 1273 1306 ne
1317 1266 1391 1306 ue
1422 1262 1649 1306 certum
1685 1268 1842 1327 prae-

451 1343 761 1405 ceptorum
790 1345 971 1408 genus
989 1371 1008 1399 ‚
1039 1327 1105 1387 &
1132 1267 1360 1408 agenssa
1391 1324 1519 1387 sunt
1559 1347 1684 1386 non
1719 1329 1837 1387 mi-

453 1408 564 1470 nus
601 1405 804 1467 diserte
827 1452 847 1482 ‚
895 1406 1072 1489 quam
1122 1427 1250 1487 quae
1281 1409 1343 1467 in
1385 1406 1488 1467 lite
1523 1407 1793 1468 dicuntur
1814 1446 1842 1483 ‚-

453 1483 789 1569 objurgatio
809 1533 835 1562 ,
858 1489 1184 1559 cohortatio
1210 1531 1230 1560 ‚
1268 1485 1589 1549 consolatio
1621 1509 1636 1547 ε
1683 1509 1841 1570 quo-

455 1564 587 1629 rum
623 1568 767 1633 nihil
805 1567 888 1629 est
914 1613 933 1641 ‚
975 1568 1139 1648 quod
1179 1588 1302 1628 non
1342 1566 1562 1628 summa
1602 1569 1842 1633 dicendi

455 1665 805 1713 ornamenta
841 1648 1171 1710 desideret:
1216 1647 1316 1710 sed
1351 1668 1425 1710 ex
1462 1647 1705 1711 artificio
1745 1670 1842 1711 res

456 1726 576 1791 istae
596 1745 886 1810 praecepta
910 1749 1034 1789 non
1060 1746 1341 1811 quaerunt.
1397 1728 1573 1792 Plane
1595 1776 1616 1806 ,
1649 1733 1847 1813 inquit

463 1806 704 1877 Catulus
724 1854 743 1883 ‚
772 1806 1065 1871 affentiot.

546 1907 639 1971 51·
681 1889 816 1972 Age
841 1892 990 1953 verb
1004 1936 1030 1966 ,.
1067 1893 1252 1972 inquit
1284 1888 1614 1967 Antonius,
1649 1893 1846 1974 qualis

458 1971 706 2031 oratoris
724 2017 743 2046 ‚
780 1972 845 2032 &
876 1973 1074 2052 quanti
1098 1972 1349 2031 hominis
1371 1975 1436 2032 in
1460 1973 1715 2035 dicendo
1732 1995 1844 2055 pu-

457 2067 545 2115 tas
573 2049 687 2112 effe
722 2050 1012 2113 historiam
1050 2051 1344 2113 scribere?
1394 2052 1497 2129 Si,
1541 2072 1605 2114 ut
1644 2052 1842 2116 Graeci

457 2130 799 2213 scripserunt
826 2177 846 2208 ‚
890 2132 1139 2207 summi,
1178 2135 1365 2215 inquit
1403 2132 1644 2195 Catulus
1680 2156 1696 2193 t
1756 2138 1844 2208 si,

457 2228 523 2293 ut
552 2212 730 2275 nostri
750 2260 770 2289 ‚
811 2215 952 2275 nihil
984 2234 1134 2294 opus
1160 2211 1243 2274 est
1277 2230 1546 2275 oratore:
1586 2215 1721 2275 satis
1761 2215 1844 2276 est

458 2315 583 2359 non
629 2292 742 2356 effe
790 2295 1158 2357 mendacem.
1212 2292 1398 2376 Atqui
1432 2339 1451 2369 ,
1496 2314 1572 2355 ne
1610 2295 1849 2359 nostros

462 2392 807 2436 contemnas
828 2420 848 2449 ,
882 2377 1066 2456 inquit
1094 2373 1389 2435 Antonius
1410 2419 1429 2449 ,
1462 2373 1657 2439 Graeci
1691 2365 1850 2458 quo-

463 2476 578 2538 que
605 2459 686 2517 sic
704 2458 870 2516 initio
897 2455 1275 2537 scriptitarunt
1298 2500 1318 2532 ,
1345 2473 1408 2516 ut
1432 2454 1630 2519 noster
1656 2455 1844 2534 Cato,

461 2553 529 2599 ut
548 2535 741 2596 Pictor
756 2580 776 2609 ,
802 2552 866 2596 ut
886 2535 1039 2598 Piso.

551 2636 642 2699 52.
677 2615 817 2677 Erat
852 2619 1012 2677 enim
1040 2613 1271 2676 historia
1305 2616 1444 2677 nihil
1487 2616 1644 2677 aliud
1667 2662 1689 2690 ‚
1734 2620 1854 2681 nisi·

459 2698 751 2765 annalium
777 2698 1069 2760 confeflio
1094 2718 1109 2757 τ
1154 2695 1318 2775 cujus
1340 2700 1467 2771 rei,
1500 2701 1852 2761 memofiae-

458 2797 572 2859 que
591 2779 837 2863 publicae
864 2777 1181 2845 retinendae
1211 2779 1381 2857 causa
1391 2820 1436 2853 „
1454 2777 1532 2843 ab
1555 2779 1725 2849 initio
1747 2799 1853 2867 ne?
