2017 3634
558 252 1223 332 Lruznll.
1445 278 1598 355 219

200 368 294 439 Ut
323 390 465 434 tuus
489 374 715 435 amicus
731 414 756 444 ,
784 370 983 435 Crass‘e
999 417 1020 450 ,
1049 372 1477 451 Granius,·non
1505 375 1604 457 effi

192 457 506 543 fixtantis.

287 555 433 618 254.
476 532 599 607 Et,
638 535 994 618 siquaeritis,
1029 534 1114 609 is,
1151 538 1307 620 quia
1430 537 1602 603 natur

202 617 374 680 dicax
399 661 420 692 ‚
466 616 588 677 hoc
625 635 841 699 genere
885 617 1136 677 maxime
1178 639 1321 680 exce
1366 621 1453 680 it:
1496 618 1599 683 sed

206 699 343 765 risus
363 711 620 760 movent
646 697 756 757 alia
781 694 1060 777 majores·
1115 695 1475 782 Ambiguum
1494 722 1600 782 per

204 779 283 845 sei
327 778 458 840 sum
477 776 765 874 probatur
789 777 851 837 id
877 778 1152 859 quidem,
1189 796 1253 839 ut
1286 782 1420 840 ante
1448 781 1602 861 dixi,

210 883 282 925 ve
333 859 594 937 maxime
620 878 635 917 ε
667 859 960 942 ingeniosi
993 860 1151 919 enim
1177 859 1449 935 videtur,
1478 864 1604 925 vim

209 944 379 1003 verbi
399 944 462 1002 in
484 939 677 1014 aliud,
702 956 881 1022 atque
899 942 1081 1000 ceteri
1102 942 1388 1022 accipiant
1401 987 1420 1017 ,
1440 941 1606 1025 posse

214 1023 432 1085 ducere
465 1042 483 1081 ε
534 1020 636 1082 sed
674 1021 1121 1083 admirationem
1159 1044 1256 1083 ma
1295 1025 1383 1097 fs,
1426 1022 1603 1107 quam

212 1104 385 1169 risum
406 1118 618 1165 movet
635 1145 655 1176 ,
687 1103 795 1163 nisi
814 1102 1118 1184 siquando
1145 1043 1346 1167 inciffit
1365 1108 1426 1167 in
1444 1106 1600 1171 aliud

218 1207 401 1271 genus
423 1183 665 1245 ridiculi.
1545 1238 1555 1245 ,

299 1263 527 1328 LXIII.
591 1263 748 1346 Quae
832 1284 1008 1326 enera
1059 1286 1395 1347 percurram
1437 1269 1605 1350 equi·

226 1348 395 1410 dem:
434 1346 540 1409 sed
561 1343 708 1406 scitis
810 1366 844 1406 e
869 1348 1233 1408 notissimum
1259 1348 1481 1409 ridiculi
1501 1370 1606 1444 ge·

223 1452 326 1491 nus
344 1476 365 1505 ,
486 1448 588 1488 um
622 1427 776 1488 aliud
799 1426 1191 1511 exspefitamus
1214 1473 1233 1503 ,
1264 1429 1422 1489 aliud
1458 1430 1608 1491 dxci·

222 1528 332 1572 tur.
446 1511 503 1571 ic
529 1509 960 1590 nobismetipsis
996 1505 1192 1569 noster
1231 1528 1393 1570 error
1432 1508 1605 1572 risum

225 1607 473 1654 movet:
513 1589 672 1672 quod
701 1591 748 1650 si
768 1589 1094 1651 admixtum
1122 1587 1204 1650 est
1225 1591 1398 1651 etiam
1420 1590 1607 1651 ambi-

226 1694 401 1757 guum
419 1718 441 1746 ,
484 1669 553 1732 fit
572 1670 765 1732 salsius
788 1691 808 1745 ;
855 1689 921 1731 ut
953 1670 1111 1753 apud
1137 1668 1410 1733 Naevium
1431 1671 1607 1733 vide-

227 1773 314 1816 tur
333 1750 452 1817 effe
477 1751 801 1816 misericors
823 1750 921 1814 ille
941 1794 962 1827 ‚
995 1755 1097 1836 qui
1115 1749 1436 1836 judicatum
1468 1752 1604 1818 duci

226 1836 430 1899 videns
445 1877 468 1911 ,
501 1833 901 1917 percunaatur
925 1835 1006 1895 ita
1025 1879 1049 1911 ,

294 1959 485 2026 Quanti
517 1953 772 2010 addictus?
804 1956 938 2007 mine
970 1958 1233 2011 nmnmssm-

229 2077 285 2142 si
322 2075 629 2142 addidisset
672 2077 1084 2141 tantummodo
1109 2123 1131 2154 ,
1174 2081 1380 2141 Ducas
1424 2081 1553 2143 licet
1570 2104 1601 2158 ,-

230 2159 362 2224 effet
382 2161 526 2222 illud
542 2181 723 2244 genus
751 2158 973 2219 ridiculi
974 2175 1203 2242 praeter
1222 2159 1603 2242 exspectatio-

228 2260 361 2305 nem
382 2264 399 2304 ε
432 2242 539 2305 sed
557 2244 693 2325 quia
711 2239 936 2302 addidit
948 2284 973 2315 ‚
997 2260 1005 2267 ·

295 2368 435 2455 Nihil
466 2366 596 2418 addo
620 2399 636 2426 ,
672 2366 820 2418 ducas
854 2367 975 2418 licet
1000 2379 1021 2418 e

228 2487 427 2553 addito
467 2486 744 2571 ambiguo
765 2532 786 2562 ,
838 2485 1032 2551 altero
1074 2501 1292 2567 genere
1331 2482 1554 2553 ridiculi
1578 2531 1601 2567 ,

232 2567 364 2645 fuit,
408 2586 472 2631 ut
505 2570 647 2630 mihi
674 2566 915 2651 quidem
936 2566 1171 2629 videtur
1193 2610 1214 2640 ,
1249 2564 1605 2634 salsissimus.

235 2649 363 2713 Hoc
398 2667 525 2713 tum
560 2648 644 2713 est
670 2647 1171 2719 venustissimum,
1207 2667 1386 2727 quum
1418 2651 1479 2708 in
1516 2652 1604 2709 al·-

236 2735 550 2794 tercatione
583 2733 845 2813 arripitur
877 2730 950 2790 ab
971 2724 1298 2789 adversario
1316 2727 1602 2805 verbum,

238 2811 297 2875 &
334 2835 414 2877 ex
448 2833 564 2893 eo,
608 2828 673 2877 ut
709 2833 745 2877 a
783 2809 1000 2881 Catulo
1038 2812 1100 2875 in
1131 2807 1503 2953 Phillgippum‚
1540 2811 1604 2877 in

666 2904 673 2911 .
1312 2910 1353 2972 ι]
