2017 3634
513 265 673 362 '384
788 263 1597 333 D1.CLARIS

507 403 641 444 rum
662 376 1069 441 immolavisset
1083 420 1103 451 ,
1125 373 1411 459 excepisse
1428 375 1773 460 sanguinem
1794 401 1901 461 pa·

511 464 637 526 tera
656 506 677 535 ,
726 461 791 522 &
840 480 915 520 eo
956 476 1107 540 poto
1143 503 1164 533 ,
1216 475 1513 519 mortuum
1557 459 1897 523 concidisse.

509 543 682 604 Hanc
722 542 881 602 enim
912 557 1167 600 mortem
1194 540 1482 601 rhetorice
1505 584 1524 612 ,
1566 541 1631 600 &
1676 542 1896 623 tragice

503 643 718 684 ornare
738 637 1097 703 potuerunt:
1131 619 1225 680 illa
1261 642 1422 682 mors
1457 621 1708 703 vulgaris
1752 623 1895 681 nul-

499 705 623 764 lam
644 702 944 785 praebebat
962 703 1261 762 materiem
1286 702 1360 761 ad
1383 719 1678 761 ornatum.
1719 702 1896 782 Qua-

497 805 572 846 -re
594 829 612 859 ,
645 787 923 867 quoniam
950 782 1058 842 tibi
1086 783 1163 842 ita
1184 781 1426 862 quadrat
1445 826 1465 859 ,
1504 785 1703 841 omnia
1723 782 1891 845 fuisse

497 867 567 926 in
578 863 974 927 Themistocle
994 863 1153 944 paria
1171 863 1237 923 &
1252 860 1602 938 Coriolano,
1617 881 1889 944 pateram

508 966 745 1028 quoque
772 967 805 1005 a
836 965 934 1006 me
966 942 1149 1003 sumas
1175 943 1311 1004 licet
1336 965 1351 1003 t
1394 944 1673 1024 praebebo
1703 947 1887 1005 etiam

503 1026 785 1100 hostiam,
817 1043 882 1086 ut
899 1023 1249 1085 Coriolanus
1273 1026 1344 1085 sit
1370 1025 1542 1106 plane
1564 1025 1711 1086 alter
1723 1024 1890 1087 The·

422 1147 435 1157 ·
505 1106 817 1168 mistocles.

591 1209 687 1263 44.
730 1187 813 1249 Sit
833 1185 967 1246 sane
988 1230 1007 1260 ,
1036 1187 1267 1266 inquam
1285 1229 1305 1257 ‚
1334 1201 1398 1245 ut
1417 1184 1612 1260 lubet,
1643 1185 1718 1247 de
1739 1185 1882 1248 isto:

512 1269 577 1331 δε
606 1290 717 1353 ego
754 1271 969 1329 cautius
999 1265 1238 1348 posthac
1258 1264 1548 1326 historiam
1565 1269 1844 1349 attingam
1861 1313 1885 1343 ‚

506 1368 569 1412 te
616 1351 886 1412 audiente
926 1369 946 1421 ;
1010 1367 1187 1430 quem
1229 1365 1423 1407 rerum
1480 1346 1888 1408 Romanarum

493 1431 806 1509 -austorem
840 1426 1075 1489 laudare
1145 1425 1325 1488 ossum
1365 1429 1887 1511 religiosissimum.

509 1511 628 1573 Sed
652 1530 774 1573 tum
794 1510 914 1571 fere
938 1450 1187 1570 Pericles
1204 1552 1222 1583 ‚
1257 1508 1539 1590 Xantippi
1573 1507 1717 1568 filius
1742 1554 1765 1583 ‚
1806 1510 1887 1571 de

495 1615 629 1675 -quo
652 1594 784 1654 ante
808 1592 955 1664 dixi,
985 1593 1203 1671 primus
1231 1588 1488 1649 adhibuit
1523 1589 1843 1650 doetrinam
1862 1612 1883 1650 ε

505 1694 634 1755 quae
662 1692 1010 1754 quamquam
1029 1687 1153 1731 tum
1176 1670 1332 1731 nulla
1349 1687 1472 1730 erat
1491 1670 1720 1731 dicendi
1743 1715 1764 1744 ‚
1792 1687 1889 1732 ta-

493 1774 643 1814 -men
666 1753 736 1812 ab
758 1750 1385 1833 Anaxagora-physico
1405 1750 1688 1825 erudituS,
1716 1771 1890 1813 exer-

504 1836 842 1895 citationem
872 1835 1083 1893 mentis
1110 1854 1143 1891 a
1163 1832 1478 1893 reconditis
1497 1828 1883 1914 abstrusisque

501 1915 677 1975 rebus
709 1915 780 1976 ad
819 1912 1007 1974 causas
1039 1911 1298 1972 forenses
1320 1910 1738 1994 popularesque
1760 1933 1887 1973 tra-

502 1996 762 2056 duxerat.
816 1990 1007 2072 Hujus
1034 1991 1310 2055 suavitate
1335 1993 1586 2052 maxime
1620 1993 1886 2055 hilaratae

500 2076 628 2137 sunt
656 2075 907 2136 Athenae
936 2094 951 2133 t
977 2071 1146 2153 hujus
1185 2074 1513 2134 ubertatem
1545 2074 1608 2133 &
1636 2077 1887 2155 copiam

501 2158 831 2229 admiratae,
858 2153 1121 2234 ejusdem
1147 2157 1270 2216 vim
1296 2153 1526 2216 dicendi
1550 2170 1887 2217 terrorem-

501 2259 617 2321 que
643 2253 975 2297 ttmuerunt.
1636 2258 1642 2263 ·

583 2316 718 2379 XII.
759 2317 904 2378 Haec
920 2319 1091 2399 igitur
1109 2331 1242 2376 aetas
1267 2318 1451 2398 prima
1471 2314 1723 2376 Athenis
1740 2339 1884 2378 ora·

404 2465 412 2479 ,
498 2419 693 2462 torem
715 2398 901 2480 prope
921 2395 1240 2478 perfefiium
1265 2398 1409 2457 tulit.
1434 2395 1588 2457 .Nec
1620 2400 1781 2458 enim
1811 2400 1881 2459 in

495 2478 974 2545 constituentibus
1001 2478 1419 2556 rempublicam
1442 2523 1462 2552 ‚
1499 2498 1608 2538 nec
1632 2481 1693 2537 in
1712 2477 1885 2540 bella

496 2559 854 2646 gerentibus,
890 2576 1001 2617 nec
1022 2558 1081 2614 in
1104 2559 1423 2638 impeditis,
1443 2578 1509 2617 ac
1533 2578 1740 2640 regum
1764 2559 1885 2619 do·

494 2642 812 2715 minatione
834 2635 1114 2698 devinflis
1133 2682 1153 2712 ,
1191 2637 1340 2699 nasci
1363 2637 1644 2719 cupiditas
1668 2639 1887 2699 dicen·

479 2726 557 2785 -di
573 2722 740 2782 solet.
793 2717 954 2779 Pacis
979 2716 1314 2793 est‘comes,
1335 2721 1554 2800 otiique
1589 2718 1740 2779 socia
1756 2764 1776 2792 ,
1803 2720 1885 2781 ὅ(

492 2805 611 2888 jam
636 2801 790 2862 bene
811 2799 1132 2860 constitutae
1158 2801 1402 2864 civitatis
1436 2802 1597 2882 quasi
1632 2799 1887 2862 alumna

488 2883 755 2970 quaedam
772 2925 793 2957 ,
817 2881 1171 2964 eloquentia.
1758 2881 1875 2955 46.
