2017 3634
432 291 985 369 ‘LIBER
1076 290 1198 362 ῙῙ.
1381 306 1531 384 245

230 423 262 488 3
278 403 376 468 18.
420 405 570 467 Haec
592 422 788 468 autem
809 407 870 466 in
891 405 1147 467 dicendo
1167 425 1291 465 non
1320 406 1538 467 extrin-

144 487 310 551 secus
348 486 585 548 aliunde
750 488 932 550 tenda
952 531 973 562 ‚
1005 487 1106 548 sed
1136 507 1210 547 ex
1238 489 1377 567 ipsis
1407 488 1536 546 vis·-

148 571 383 631 ceribus
414 567 593 629 causae
647 568 902 629 umenda
934 567 1082 628 sunt.
1134 565 1364 628 Idcirco
1403 565 1535 628 tot&

147 643 323 729 &ausa
378 650 711 732 pertentat&
753 666 929 730 atque
983 646 1279 729 perspecta
1310 694 1332 723 ‚
1387 648 1533 709 locis

145 731 429 793 omnibus
462 732 716 800 inventis
759 744 935 812 atque
974 726 1247 789 instruflis
1268 773 1288 803 ,
1338 732 1536 789 consi·

145 810 476 874 derandum
513 808 598 873 est
617 855 638 885 ,
675 831 797 892 quo
825 811 1112 892 principio
1139 813 1211 870 sit
1228 808 1531 872 utendum.

145 893 242 956 Sic
264 893 337 955 δι
357 891 528 954 facile
547 894 893 973 reperietur.

124 1016 133 1025 .
237 990 383 1053 319.
425 971 741 1035 Sumentur
773 975 930 1035 enim
964 982 1045 1033 ex·
1071 972 1139 1032 iis
1166 971 1373 1047 rebuS,
1444 993 1534 1033 uae

144 1071 321 1117 erunt
345 1050 654 1115 uberrimae
683 1052 784 1115 vel
818 1055 879 1114 in
909 1055 1259 1136 argumentis
1278 1097 1299 1128 ‚
1336 1072 1416 1114 ve
1471 1056 1531 1114 in

122 1138 215 1196 iis
267 1134 534 1218 partibus
565 1180 586 1208 ,
638 1135 713 1194 ad
758 1154 897 1217 quas
938 1135 1055 1195 dixi
1100 1134 1342 1217 degredi
1377 1131 1531 1216 saepe

146 1234 456 1299 oportere.
507 1214 596 1279 Ita
615 1214 679 1276 δι
696 1218 982 1277 momenti
1009 1214 1226 1297 aliquid
1249 1213 1495 1277 afferent
1510 1261 1535 1290 ‚

149 1319 336 1380 quum
356 1290 529 1358 enauit
553 1315 707 1378 pene
726 1315 801 1358 ex
820 1297 1024 1356 intima
1043 1295 1387 1357 defensione
1416 1296 1532 1358 de-

144 1394 433 1462 prompta
454 1422 473 1452 ‚
519 1378 585 1438 &
615 1377 918 1459 apparebit
950 1397 1024 1437 ea
1042 1398 1164 1436 non
1196 1377 1381 1436 modo
1409 1397 1535 1437 non
1619 1412 1626 1415 -

149 1457 266 1522 effe
304 1461 680 1533 communia,
731 1479 842 1519 nec
878 1459 939 1516 in
972 1457 1110 1517 alias
1141 1452 1334 1517 causas
1370 1455 1537 1537 poss'e

149 1539 455 1603 transferri
475 1580 495 1615 ,
531 1538 633 1602 sed
747 1541 896 1599 nitus
912 1558 1001 1600 >ex
1034 1557 1108 1599 ea
1144 1535 1312 1618 cau-sa
1333 1580 1359 1608 ,
1402 1557 1536 1620 quae

151 1638 278 1683 tum
314 1643 350 1681 a
390 1636 519 1681 atur
538 1666 558 1697 ‚
700 1616 925 1682 oruiffe.

230 1701 348 1763 LX
410 1699 519 1763 IX.
561 1699 765 1763 Omne
803 1718 1000 1763 autem
1032 1702 1379 1782 principium
1430 1718 1533 1762 aut

146 1786 234 1845 tei
253 1785 473 1857 totius,
503 1800 631 1863 quae
650 1800 852 1864 agetur
869 1827 888 1856 ‚
918 1781 1401 1864 significationem
1429 1782 1533 1845 ha·-

150 1864 295 1926 bete
336 1862 578 1925 debebit
601 1907 622 1937 ,
673 1880 771 1923 aut
819 1863 1037 1923 aditum
1078 1863 1152 1924 ad
1181 1861 1409 1923 causam
1459 1862 1529 1924 &

148 1947 542 2006 munitionem
569 1987 589 2017 ‚
631 1959 728 2003 aut
845 1944 1066 2005 oddam
1117 1959 1530 2006 ornamentum

146 2026 218 2087 δι
261 2024 322 2084 di
363 2026 626 2085 nitatem.
685 1965 1087 2106 Seduoporiet
1115 2042 1179 2085 ut
1207 2025 1426 2086 aedibus
1460 2045 1531 2084 ac

132 2122 318 2187 temp
345 2108 357 2121 ⁹
411 2103 693 2173 vestibula
719 2105 785 2166 &
802 2107 990 2166 aditus
1014 2150 1035 2178 ‚
1071 2108 1152 2167 sic
1170 2108 1352 2164 causis
1369 2106 1532 2184 prin·

128 2190 303 2268 -cipia
334 2188 725 2268 proportione
757 2205 953 2247 rerum
986 2200 1354 2267 praeponere.
1406 2182 1533 2244 Ita-

149 2288 264 2348 que
299 2268 361 2326 in
395 2269 589 2348 parvis
627 2283 804 2348 atque
834 2270 893 2326 in
914 2265 1314 2346 frequentibus
1349 2267 1533 2327 causis

148 2351 224 2410 ab
251 2347 379 2430 ipsa
394 2367 459 2409 re
481 2346 564 2409 est
580 2347 835 2409 exordiri
850 2347 1000 2429 saepe
1020 2344 1410 2407 commodius.

235 2448 379 2509 321.
421 2427 542 2490 Sed
580 2449 758 2510 quum
795 2432 904 2490 erit
927 2426 1207 2489 utendum
1243 2428 1530 2510 principio

152 2509 366 2593 (quod
415 2510 757 2590 plerumque
798 2508 949 2593 erit)
991 2527 1091 2571 aut
1129 2529 1202 2570 ex
1238 2528 1343 2570 reo
1369 2554 1388 2583 ‚
1428 2526 1530 2570 aut

148 2611 223 2652 ex
241 2589 574 2652 adversario
596 2636 616 2663 ‚
648 2606 746 2651 aut
771 2610 845 2652 ex
864 2611 926 2652 re
947 2636 966 2663 ,
998 2606 1096 2651 aut
1128 2610 1203 2650 ex
1229 2594 1345 2662 eis,
1371 2590 1529 2670 apud

231 2693 301 2734 os
323 2673 509 2754 agitur
525 2715 545 2745 ‚
565 2670 875 2733 sententias
896 2671 1029 2730 duci
1050 2670 1266 2729 licebit.
1315 2667 1405 2727 Ex
1423 2689 1529 2730 reo

124 2693 334 2898 {geos
353 2751 594 2834 appello
611 2797 635 2824 ‚
671 2773 919 2834 quorum
947 2771 1040 2812 res
1059 2747 1178 2830 est)
1211 2769 1337 2829 quae
1356 2749 1542 2830 signi-.

224 2850 329 2899 ent
360 2836 553 2900 virum
579 2833 841 2913 bonum,
874 2852 1000 2918 quae
1038 2829 1372 2976 libeltLalem,
1400 2851 1530 2917 quae

1174 2987 1181 2993 .
1226 2932 1285 2995 Π]
