2017 3634
22 204 29 297 ζ
142 178 153 221 ’ἡ
447 200 906 304 Ltsstn
984 234 1162 306 III.
1329 233 1484 330 285⁴

79 351 221 438 'ipso
277 348 396 412 oris
442 345 633 430 press'u
683 347 748 408 δε
790 345 936 408 sono
977 346 1149 408 facile
1185 349 1405 410 vincat.

174 430 326 494 ΧΠ.
369 430 574 511 Quare
595 450 782 512 quum
803 431 873 488 sit
900 428 1165 511 quaedam
1184 446 1343 490 certa
1362 448 1487 491 vox

94 511 364 576 Romani
398 513 627 594 generis
657 509 922 590 urbisque
958 510 1233 591 propria,
1277 514 1335 570 in
1368 530 1485 593 qua

97 596 239 657 nihil
288 591 557 665 offendi,
602 591 742 652 nihil
787 589 1082 672 displicere
1103 636 1123 664 ‚
1176 591 1317 651 nihil
1357 594 1484 652 ani-

96 675 396 738 madverti
440 675 624 755 possit
653 716 673 746 ,
738 672 878 730 nihil
924 669 1126 731 sonare
1174 688 1272 731 aut
1319 673 1482 734 olere

137 759 477 840 eregrinum
510 798 531 827 ,
573 753 722 812 hanc
758 750 1061 833 sequamur
1094 772 1110 810 ε
1157 772 1348 832 neque
1379 751 1481 813 so-

114 842 215 899 um
250 836 526 898 rusticam
545 832 915 915 asperitatem
934 877 953 905 ‚
987 830 1090 892 sed
1112 832 1287 892 etiarn
1309 853 1484 914 pere-q

96 922 326 1004 grinam
350 915 720 977 insolentiam
748 911 951 996 fugere
984 912 1281 973 discamus·
1477 976 1482 983 ,

174 1019 277 1096 45.
322 996 620 1080 Equidem
636 1015 816 1078 quum
839 993 1012 1055 audio
1035 993 1263 1054 socrum
1283 1014 1479 1057 meam

96 1081 339 1143 Laeham
374 1077 640 1158 (facilius
677 1078 831 1137 enim
871 1076 1138 1136 mulieres
1174 1077 1480 1158 incorrup-

94 1179 213 1224 tam
236 1161 651 1242 antiquitatem
672 1155 1014 1218 conservant
1028 1202 1047 1231 ,
1076 1156 1237 1237 quod
1260 1157 1478 1219 multo-

98 1265 224 1306 rum
255 1242 544 1305 sermonis
574 1254 842 1319 expertes
868 1257 939 1298 ea
972 1254 1177 1298 tenent
1207 1236 1436 1319 semper
1454 1284 1476 1314 ,

236 1326 435 1407 prima
458 1319 782 1381 didicerunt
833 1316 933 1378 sed
953 1338 1083 1377 eam
1102 1320 1181 1376 sic
1197 1318 1395 1390 audio,
1413 1337 1479 1380 ut

97 1347 373 1468 ffitum
394 1401 573 1476 mihi,
608 1417 704 1460 aut
797 1400 1005 1458 aevium
1021 1397 1223 1457 videar
1241 1398 1436 1459 audire
1457 1420 1478 1459 ι

99 1486 239 1565 sono
282 1490 303 1546 i
352 1483 417 1544 so
452 1484 621 1544 vocis
664 1483 742 1539 ita
783 1477 941 1539 resto
987 1478 1051 1537 &
1084 1477 1326 1557 simplici
1357 1477 1479 1552 est,

98 1587 159 1630 ut
177 1569 292 1628 nihi
343 1562 745 1626 ostentationis
762 1605 782 1634 ‚
811 1559 1256 1619 autimitationis
1275 1556 1479 1622 afferre

97 1650 403 1711 videatur:
435 1664 508 1707 ex
533 1664 652 1724 quo
674 1644 753 1702 sic
780 1640 1044 1701 locutum
1079 1635 1193 1699 esse
1220 1636 1344 1719 ejus
1371 1662 1480 1723 pa-

98 1747 246 1807 trem
267 1727 479 1810 judico
501 1769 520 1798 ,
564 1725 650 1784 sie
683 1719 971 1803 majores;
1001 1740 1123 1780 non
1150 1718 1347 1802 aspere
1366 1758 1385 1795 ,
1413 1737 1479 1783 ut

100 1812 233 1887 ille,
272 1827 463 1892 quem
499 1805 648 1879 dixi,
679 1824 802 1864 non
845 1800 1001 1864 vaste
1023 1846 1042 1876 ,
1079 1823 1202 1861 non
1235 1799 1475 1877 rustice,

98 1913 219 1969 non
240 1889 442 1952 hiulce
460 1931 486 1960 ‚
518 1884 620 1947 sed
636 1882 872 2026 presse,
900 1883 966 1944 &
993 1882 1380 1963 aequabiliter,
1410 1884 1477 1944 δι

103 1973 330 2034 Leniter.
392 1967 597 2048 Quare
695 1981 819 2025 otta
842 1961 1037 2025 noster
1055 2008 1074 2037 ,
1104 1963 1266 2044 cujus
1295 1981 1358 2024 tu
1379 1965 1475 2026 illa

96 2055 212 2122 ¹lata
239 2100 260 2128 ‚
302 2051 566 2130 Sulpici,
607 2065 1046 2128 nonnumquam
1079 2046 1314 2104 imitaris
1346 2090 1365 2120 ‚
1412 2063 1477 2106 ut

103 2138 214 2212 iota
249 2134 512 2195 litteram
539 2126 754 2200 tollas,
796 2126 869 2186 ,δι
898 2149 925 2185 e
953 2125 1349 2206 plenissimum
1384 2125 1480 2185 di-

107 2237 229 2290 cas»,
264 2232 400 2275 non
430 2209 569 2269 mihi
593 2223 853 2267 oratores
871 2207 1140 2286 antiquos
1154 2248 1175 2278 ,
1205 2203 1308 2266 sed
1328 2224 1481 2273 mes-q

104 2296 255 2359 sores
284 2291 526 2356 videtur
553 2289 785 2349 imitari.
1397 2326 1401 2331 ,

116 2366 131 2373 ’
180 2377 282 2452 46.
334 2373 452 2434 Hic
484 2391 666 2453 quum
697 2362 960 2428 arrisisset
999 2362 1118 2446 ipse
1154 2361 1483 2446 Sulpicius;

104 2456 195 2519 Sic
245 2475 425 2539 agam
454 2449 794 2523 vobiscum,
832 2449 1023 2529 inquit
1062 2443 1325 2520 CraffuS,
1366 2465 1429 2507 ut
1454 2456 1492 2524 ,‘

102 2530 391 2625 quoniam
426 2553 524 2593 me
572 2532 738 2612 loqui
776 2528 1034 2591 voluistis
1066 2572 1088 2602 ,
1134 2527 1348 2609 aliquid
1400 2529 1479 2590 de

103 2617 304 2681 vestris
338 2616 492 2678 vitiis
519 2612 779 2674 audiatis.
817 2607 1062 2668 Utinam
1081 2607 1318 2689 quidem
1344 2607 1361 2665 1
1389 2610 1486 2675 inq

107 2691 226 2795 quit
256 2698 403 2757 ille:
448 2694 510 2753 id
537 2695 694 2754 enirn
728 2687 913 2770 ipsum
952 2687 1223 2747 volumus
1243 2729 1263 2759 ,
1299 2686 1479 2767 idque

104 2802 152 2841 si
186 2778 401 2841 feceris
422 2820 443 2847 ‚
482 2774 668 2835 multa
702 2778 807 2850 (ut
837 2765 1123 2849 arbitror)
1165 2765 1260 2828 hic
1296 2766 1478 2833 hodie

99 2862 245 2926 ⁴{fitia
256 2875 591 2943 ponemus.
