2017 3634
481 255 541 323 L
589 271 731 324 1-3
786 271 837 323 ι,
888 254 949 324 11²
1003 258 1123 325 II.
1341 277 1491 353 213

180 387 359 430 orum
382 366 630 429 alterum
651 389 713 429 re
735 369 1026 447 tractatur,
1050 372 1297 433 alterum
1317 373 1497 436 dicio.

162 470 195 511 e
216 476 241 523 ‚·
275 449 593 531 siquando
622 450 762 531 quid
780 495 799 524 ‚
840 468 1135 534 tamquam
1176 453 1363 535 aliqua
1397 455 1497 517 fa-

103 531 261 591 bella
289 574 311 604 ,
366 546 668 602 narratur3
717 547 780 589 ut
819 533 962 591 olim
1006 551 1068 593 tu
1089 579 1107 609 ‚
1152 532 1396 609 Crasse,
1429 540 1493 598 in

102 608 469 671 Memmium
488 656 506 685 ‚
545 609 822 689 comedff
840 635 960 671 eum
980 614 1238 675 lacertum
1260 619 1455 699 Largii
1468 661 1491 692 ‚

104 712 291 773 quum
322 689 466 752 esset
497 711 631 751 cum
666 711 742 752 eo
769 691 1102 754 Tarracinae
1142 695 1215 755 de
1249 698 1495 759 amicula

105 777 346 832 rixatus.
374 769 533 832 Salsa
551 816 570 845 ‚
604 787 858 832 attamen
880 795 913 831 a
932 790 993 832 te
1022 773 1144 854 ipso
1171 773 1301 835 fi&a
1319 821 1339 849 ‚
1367 793 1493 839 tota

106 854 389 914 narratio·
454 850 745 912 Addidisti
787 851 1091 913 clausulam
1113 900 1131 927 ‚
1180 857 1308 916 tota
1336 855 1498 917 Tar-

104 934 306 994 racina
336 951 466 993 tum
489 934 759 993 omnibus
783 935 841 993 in
864 934 1174 1014 parietibus
1202 936 1495 1019 inscriptas

105 1012 268 1075 fuisse
296 1012 513 1073 litteras
532 1059 552 1088 ,
583 1015 690 1077 tria
726 1017 911 1088 LLL,
941 1015 1060 1096 duo
1080 1020 1245 1077 MM.
1285 1016 1493 1098 Quum

150 1114 401 1155 uaereres
430 1093 489 1153 id
516 1093 657 1175 quid
691 1091 828 1154 effer
847 1140 867 1169 ,
906 1094 1105 1156 senem
1140 1097 1244 1156 tibi
1276 1119 1492 1181 quem-

106 1117 247 1235 ssam
275 1174 643 1256 oppidanum
672 1173 864 1235 dixisse
883 1219 903 1248 ,
943 1179 1180 1239 Lacerat
1197 1181 1492 1241 Lacertum

112 1259 306 1339 ’largii
335 1258 588 1317 Mordax
612 1259 918 1315 Memmius.

196 1355 337 1411 241.
379 1334 702 1416 Perspicitis
717 1380 740 1409 ‚
774 1336 889 1397 hoc
906 1356 1089 1419 genus
1108 1339 1284 1420 quam
1306 1343 1378 1401 sit
1394 1340 1493 1403 fa·
1545 1365 1553 1374 ·

113 1435 311 1478 cetum
332 1462 353 1490 ,
394 1416 571 1497 quam
608 1416 838 1498 elegans
863 1463 881 1489 ,
923 1417 1098 1497 quam
1125 1423 1443 1481 oratorium
1464 1469 1487 1499 ‚

114 1502 234 1559 sive
279 1499 497 1558 habeas
533 1498 676 1557 <rere
708 1541 728 1569 ‚
781 1498 945 1578 quod
989 1518 1219 1559 narrare
1258 1504 1489 1579 possiS,

153 1579 276 1639 uod
302 1596 505 1637 tamen
538 1574 618 1636 est
653 1577 1142 1655 mendaciunculis
1176 1577 1491 1663 aspergen-

114 1600 252 1733 aum
270 1705 289 1734 ,
319 1662 448 1719 sive
467 1655 670 1739 fingas.
724 1657 820 1718 Est
842 1675 1040 1718 autem
1057 1659 1178 1718 haec
1197 1659 1365 1740 hujus
1386 1682 1491 1745 ge-

117 1743 266 1800 neris
302 1742 483 1800 virtus
507 1783 526 1812 ‚
576 1754 639 1797 ut
681 1740 760 1797 ita
803 1737 951 1799 faeta
991 1739 1384 1818 demonstres,
1425 1763 1490 1807 ut

118 1840 312 1880 mores
345 1818 508 1897 ejus,
546 1818 621 1879 'de
651 1838 769 1898 quo
798 1841 993 1880 narres
1013 1866 1033 1895 ‚
1070 1839 1132 1881 ut
1157 1821 1347 1884 sermo
1368 1870 1388 1901 ‚
1422 1836 1487 1889 ut

119 1902 308 1963 vultus
332 1908 547 1960 omnes
569 1901 961 1980 exprimantur
977 1945 997 1975 ‚
1034 1918 1097 1961 ut
1127 1905 1229 1977 ἧς,
1257 1909 1357 1986 qui
1383 1929 1488 1971 au-

120 1981 318 2054 diunt,
359 1997 487 2040 tum
522 1981 644 2061 geri
682 1980 778 2040 illa
806 1980 1051 2063 fierique
1080 1984 1407 2049 videantur.

201 2082 339 2136 242.
384 2059 455 2120 In
482 2079 543 2119 re
575 2058 658 2120 est
688 2063 830 2121 item
858 2063 1195 2138 ridiculum,
1227 2069 1390 2146 quod
1411 2089 1488 2132 ex

122 2143 373 2223 quadam
422 2140 737 2221 depravata
767 2145 1086 2202 imitatione
1121 2144 1265 2206 sumi
1299 2146 1489 2225 solet3

121 2240 179 2282 ut
203 2224 367 2283 idem
386 2217 614 2280 Crassus
633 2265 656 2294 ‚
695 2225 806 2284 Per·
822 2241 971 2280 tuam
993 2224 1330 2286 nobilitatem
1347 2272 1366 2301 ‚
1390 2251 1493 2309 per

119 2307 338 2382 vestram
350 2300 660 2380 firmiliani.
724 2300 892 2380 Quid
918 2302 1072 2360 aliud
1091 2301 1235 2377 fuit,
1270 2310 1330 2365 in
1368 2328 1490 2391 quo

121 2387 329 2443 concio
350 2381 568 2441 rideret
588 2425 608 2454 ‚
637 2384 746 2441 nisi
763 2381 860 2442 issa
884 2382 1086 2442 vultus
1099 2384 1164 2443 &
1183 2390 1348 2447 vocis
1365 2392 1495 2450 imi-

120 2468 262 2523 tatio
291 2464 314 2523 ἓ
371 2466 486 2522 Per
510 2480 639 2521 tuas
659 2463 875 2543 statuas
906 2465 1056 2526 vero
1088 2484 1268 2547 quum
1305 2469 1448 2532 discit
1468 2519 1489 2549 ,

124 2542 187 2604 &
203 2560 453 2604 extento
474 2542 711 2603 brachio
732 2543 1027 2622 paululum
1046 2550 1219 2606 etiam
1237 2550 1311 2610 de
1328 2551 1489 2634 gestu

125 2622 343 2684 addidit
359 2667 382 2695 ,
414 2623 821 2684 vehementius
844 2627 1085 2685 risimus.
1129 2626 1216 2686 Ex
1244 2631 1491 2713 hoc-ge-

124 2724 262 2765 nere
301 2702 385 2765 est
419 2704 517 2762 illa
543 2701 822 2764 Rosciana
845 2706 1091 2764 imitatio
1129 2704 1316 2767 senis:
1365 2715 1491 2773 Tibi

126 2806 214 2865 rgo
232 2830 258 2858 ,
304 2786 601 2867 Antipho,
637 2788 742 2846 kas
769 2785 895 2866 firo
912 2829 937 2857 ,
979 2787 1162 2867 inquit
1204 2807 1219 2847 z
1270 2787 1489 2855 senium
