2017 3634
427 342 1226 415 ΟκΑτοκιΒνετ
1351 361 1510 438 457

224 455 377 518 218..
415 457 637 539 Magna
687 456 812 516 haec
874 459 1236 519 immemoris
1295 462 1520 543 ingenii

139 538 344 621 signa3
377 538 476 598 sed
507 539 643 598 nihil
665 540 882 616 turpius
904 582 925 607 ‚
953 538 1310 620 quamoqubd
1335 544 1520 603 etiam-

140 621 204 687 ἰη
228 617 338 697 scri
384 622 451 678 tis
487 617 930 679 obliviscebatur
948 661 970 691 ,
1014 619 1153 698 quid
1179 623 1353 700 paulo
1381 622 1515 689 ante

141 698 310 781 posui
356 716 449 772 et;
481 715 541 758 ut
567 701 626 758 in
662 718 737 758 eo
768 697 954 769 libro,
986 700 1084 757 ubi
1113 697 1170 759 se
1200 710 1516 763 exeuntem

144 799 183 840 e
209 778 441 851 senatu,
486 779 551 840 &
592 798 726 838 cum
768 776 944 837 Pansa
990 776 1188 838 nostro
1212 824 1231 852 ,
1284 782 1347 840 &
1383 786 1519 840 cum

146 857 412 921 Curione
440 852 560 919 filio
583 859 739 919 collo
782 874 1024 918 uentem
1048 858 1181 918 facit
1197 905 1217 933 ,
1238 881 1414 940 quum
1433 861 1526 922 se-

147 957 351 1000 natum
394 937 584 1000 Caesar
627 879 823 999 conpul
857 938 1173 1014 habuisset,
1220 941 1524 1022 omnisque?

145 1018 248 1080 ille
268 1019 455 1080 sermo
473 1020 670 1080 duGtus
690 1041 722 1080 e
741 1019 1211 1099 percunRatione
1229 1019 1325 1080 filii
1336 1065 1359 1093 ,
1381 1022 1524 1103 quid

145 1103 211 1160 in
234 1098 432 1160 senatu
461 1099 599 1160 esset
627 1100 836 1160 aEium.
884 1098 948 1160 In
971 1121 1090 1181 quo
1113 1100 1303 1162 multis
1324 1105 1526 1163 verbis

147 1201 332 1262 quum
359 1182 729 1242 inveheretur
753 1183 813 1238 in
840 1178 1129 1241 Caesarem
1161 1180 1343 1258 Curio
1362 1227 1381 1256 ,
1411 1184 1527 1244 dis-

146 1263 493 1342 putatioque
519 1259 658 1321 esset
689 1265 843 1318 inter
875 1279 978 1321 eos
998 1305 1021 1332 ,
1058 1278 1122 1320 ut
1158 1259 1240 1321 est
1278 1261 1525 1325 consue-

146 1339 299 1402 tudo
331 1341 734 1420 dialogorum,
775 1358 952 1418 quum
977 1339 1166 1400 sermo
1206 1340 1343 1401 esset
1368 1341 1528 1401 insti-

144 1438 311 1482 tutus
342 1420 540 1478 senatu
568 1417 728 1477 misso
814 1438 987 1498 quem
1036 1418 1291 1479 senatum
1333 1420 1524 1482 Caesar

146 1499 354 1561 consul
378 1496 690 1569 habuisset,
716 1497 1085 1576 reprehendit
1107 1520 1202 1558 eas
1230 1519 1357 1574 τες,
1383 1523 1530 1582 quas

147 1575 315 1645 ide‘m
347 1576 536 1640 Caesar
571 1599 724 1638 anno
761 1574 925 1657 post,
974 1578 1039 1637 &
1076 1578 1351 1660 deinceps
1381 1581 1527 1641 reli-

153 1664 285 1745 quis
307 1662 467 1723 annis
498 1655 987 1719 administravisset
1008 1660 1067 1716 in
1090 1656 1300 1719 Gallia.

242 1738 402 1801 LXI.
443 1738 599 1799 Tum
623 1737 827 1799 Brutus
846 1738 1132 1798 admirans
1148 1785 1167 1811 ‚
1196 1738 1527 1805 Tantamne

153 1820 318 1882 fuiss‘e
345 1821 746 1893 oblivionem,
787 1820 969 1900 inquit
989 1838 1021 1892 ‚·
1050 1822 1108 1879 in
1145 1819 1354 1900 scripto
1389 1844 1531 1903 prae·

153 1902 352 1963 sertim
372 1947 391 1975 ,
418 1918 479 1960 ut
497 1922 570 1965 ne
598 1901 798 1982 legens
831 1900 1070 1981 quidem
1098 1921 1371 1982 umquam
1392 1902 1531 1965 sen-

155 1979 334 2056 serit,
362 1986 643 2064 quantum
671 1982 745 2043 fia
786 1982 866 2039 itii
902 1981 1271 2042 commisiffet
1298 1985 1313 2042 Ξ
1428 1986 1528 2047 uid

159 2081 359 2123 autern
381 2108 403 2134 ,
439 2065 674 2143 inquam
693 2106 713 2136 ,
802 2077 926 2122 rute
952 2106 971 2134 ‚
1018 2060 1233 2122 stultius
1258 2108 1277 2136 ,
1312 2086 1485 2145 quam
1503 2113 1526 2142 ‚

156 2146 209 2211 si
245 2139 315 2203 ea
333 2145 656 2222 vituperare
685 2142 958 2213 volebat,
985 2161 1114 2219 quae
1139 2145 1528 2223 vituperavit,

159 2245 286 2305 non
346 2244 421 2283 eo
481 2239 751 2303 tempore
808 2218 1100 2281 instituere
1159 2220 1486 2284 sermonem
1504 2273 1532 2304 ,

157 2324 338 2386 quum
387 2303 610 2363 illarum
661 2321 852 2360 rerum
894 2298 1014 2377 jam
1057 2316 1328 2382 tempora
1371 2326 1538 2385 prae-h
1593 2358 1596 2361 .

158 2378 473 2444 teriiffent?
508 2382 624 2442 Sed
650 2383 727 2440 ita
748 2397 903 2440 totus
929 2396 1114 2454 errat,
1144 2401 1205 2440 ut
1229 2384 1287 2440 in
1311 2386 1538 2455 eodem

156 2458 429 2542 sermo-ne
453 2463 603 2522 dicat
617 2508 640 2533 ,
661 2465 720 2520 in
740 2460 993 2522 senatum
1014 2459 1070 2521 se
1088 2507 1106 2535 ‚
1141 2459 1366 2525 Caesare
1387 2488 1533 2529 con-

145 2543 280 2613 ‘sule
300 2588 320 2617 ,
353 2564 473 2603 non
507 2542 781 2602 accedere
802 2586 822 2614 ,
846 2541 945 2602 sed
973 2542 1032 2601 id
1061 2543 1214 2602 dicat
1240 2543 1363 2623 ipso
1384 2568 1534 2610 con-

159 2625 282 2686 sule
323 2627 519 2682 exiens
571 2641 604 2681 e
649 2620 864 2679 senatu.
930 2621 1061 2682 Jam
1095 2627 1190 2703 qui
1223 2624 1327 2684 hac
1364 2645 1529 2707 parte

162 2705 391 2774 animi,
444 2722 571 2782 quae
611 2697 797 2758 custos
840 2697 920 2760 est
961 2718 1280 2762 ceterarum
1314 2708 1531 2789 ingenii

161 2785 420 2870 partium
436 2826 456 2854 ‚
479 2798 598 2838 tam
621 2779 824 2839 debilis
842 2776 979 2839 effet
1000 2825 1021 2850 ,
1048 2799 1112 2839 ut
1133 2803 1205 2842 ne
1231 2787 1289 2843 in
1320 2785 1532 2870 scripto

169 2864 409 2951 quidem
442 2858 784 3004 mlelminiffet
809 2900 841 2936 ,-
863 2859 1002 2942 quid
1033 2863 1215 2942 paulo
1228 2868 1381 3003 {mi
1414 2891 1532 2951 po-

252 2950 451 3007 Tomus
552 2984 571 3004 .
1093 3004 1102 3013 Ι
