2017 3634
479 241 635 316 '280
784 242 955 314 De
1013 240 1241 314 ona
1277 252 1567 311 roan

478 356 759 419 tentionis
790 354 1069 437 judicium
1107 354 1493 437 vocaremur)
1546 349 1712 437 quid·
1734 365 1856 412 tam

483 437 756 499 dissimile
780 484 801 512 ‚
836 438 1007 519 quem
1045 460 1160 521 ego
1193 441 1251 498 in
1290 438 1542 498 dicendo
1564 481 1583 510 ,
1621 435 1689 495 &
1728 432 1859 493 Ana

481 522 674 579 tonius
697 517 721 578 ἓ
839 541 937 578 um
959 519 1062 580 ille
1079 523 1123 578 is
1145 522 1217 579 sit
1239 535 1437 580 orator
1454 564 1474 592 ‚
1512 535 1576 577 ut
1613 514 1758 576 nihil
1780 533 1855 574 eo

482 601 669 680 possit
696 539 1225 681 AEpraestantius3
1257 620 1373 682 ego
1400 615 1629 672 autem,
1654 615 1862 678 quam·

481 698 658 759 quam
683 699 908 741 memet
942 684 1062 742 mei
1087 682 1374 762 poenitet,
1419 701 1551 740 cum
1578 679 1697 737 hoc
1731 697 1864 736 ma·

474 762 638 822 xime
665 765 944 825 tamen'in
969 764 1412 843 comparatione
1433 757 1780 840 conjungar.

480 900 485 907 .
569 859 665 920 32.
690 842 1030 919 Videtisne,
1052 863 1232 925 genus
1247 842 1364 903 hoc
1391 841 1553 923 quod
1570 843 1642 900 sit
1666 838 1868 898 Anto·

482 923 598 984 nii?
631 922 822 995 forte,
839 924 1164 987 vehemens
1178 969 1199 997 ,
1215 942 1582 985 commotum
1600 923 1661 980 in
1682 939 1862 1002 agen-

482 1003 600 1079 do,
628 1008 1033 1087 praemunitum
1050 1050 1076 1078 ,
1112 1005 1177 1065 &
1204 1025 1278 1066 ex
1297 1006 1461 1066 omni
1484 1019 1654 1085 parte
1682 999 1864 1061 causae

478 1083 751 1166 septum,
798 1106 932 1148 acre
959 1131 979 1160 ‚
1023 1103 1302 1160 acutum,
1342 1087 1757 1156 enucleatum,
1801 1082 1862 1140 in

476 1184 828 1248 unaquaque
865 1187 933 1228 re
977 1187 1354 1228 commorans
1386 1210 1406 1241 ,
1469 1161 1709 1228 honeste
1757 1182 1863 1223 ce-

478 1245 632 1309 dens
651 1291 670 1320 ,
711 1251 919 1313 aeriter
952 1249 1258 1330 insequens
1277 1294 1296 1323 ,
1337 1264 1560 1308 terrens
1578 1291 1604 1318 ,
1635 1243 1861 1326 suppli-

414 1369 424 1380 ·
482 1330 623 1388 cans
650 1373 674 1400 ‚
726 1327 948 1389 summa
991 1332 1273 1390 orationis
1313 1331 1596 1391 varietate
1622 1371 1644 1402 ,
1703 1324 1860 1386 nulla

482 1407 807 1470 nostrarum
827 1413 1048 1472 aurium
1075 1410 1354 1471 satietate.

479 1522 497 1551 .-
573 1508 673 1569 33.
711 1490 841 1555 Nos
873 1509 1069 1554 autem
1090 1537 1110 1567 ,
1143 1493 1493 1586 quicumque
1517 1492 1576 1550 in
1604 1487 1859 1553 dicendo

483 1568 674 1637 sumus
707 1575 1023 1654 (quoniam
1042 1570 1155 1634 ess'e
1177 1573 1371 1655 aliquo
1394 1594 1454 1631 in
1479 1590 1728 1631 numero
1748 1591 1862 1630 vo·

482 1651 572 1715 bis
588 1654 896 1729 videmur)
925 1656 1090 1716 certe
1105 1670 1306 1717 tamen
1330 1654 1406 1713 ab
1421 1650 1591 1724 huius
1609 1652 1875 1719 multiim-

485 1751 703 1813 genere
739 1731 1006 1795 distamus
1031 1756 1051 1809 3
1088 1734 1253 1815 quod
1278 1734 1450 1817 quale
1474 1736 1549 1795 sit
1569 1779 1588 1808 ,
1625 1753 1753 1793 non
1780 1730 1860 1792 est

476 1831 683 1873 meum
735 1815 930 1877 dicere
967 1860 988 1889 ‚
1045 1831 1361 1897 propterea
1450 1814 1574 1874 ubd
1620 1813 1859 1874 minime

484 1893 723 1975 quisque
750 1896 854 1956 sibi
883 1914 1058 1958 notus
1084 1894 1198 1971 est,
1238 1897 1303 1958 &
1330 1897 1386 1958 di
1453 1895 1665 1956 cillime
1694 1895 1771 1956 de
1803 1892 1860 1954 se

483 1973 717 2056 quisque
739 1974 908 2036 sentit
935 1998 949 2036 t
982 1977 1084 2037 fed
1108 1995 1307 2038 tamen
1332 1975 1741 2038 dissimilitudo
1769 1979 1862 2036 in-

480 2054 666 2138 telligi
697 2053 926 2136 potest,
967 2057 1035 2119 &
1071 2080 1142 2120 ex
1170 2058 1365 2119 motiis
1389 2060 1507 2119 mei
1536 2057 1860 2119 mediocri·-

481 2151 643 2209 tate,
669 2137 731 2198 δι
758 2158 829 2198 ex
855 2158 931 2201 eo
950 2184 970 2214 ‚
1005 2140 1168 2220 qubd
1184 2184 1211 2211 ,
1234 2139 1442 2219 quibus
1464 2136 1722 2221 vestigiis
1746 2140 1859 2220 pri-

481 2219 645 2277 mhm
672 2216 880 2294 institi,
920 2223 979 2279 in
1007 2221 1074 2283 iis
1098 2219 1222 2281 fere
1256 2218 1417 2281 soleo
1431 2228 1753 2300 'perorare3
1794 2220 1858 2280 δε

478 2298 645 2437 ῗυὸά
667 2300 957 2381 aliquanti)
992 2321 1092 2363 me
1122 2297 1311 2380 major
1334 2302 1393 2361 in
1430 2302 1621 2360 verbis
1642 2345 1663 2374 ‚
1701 2301 1765 2362 δι
1800 2303 1857 2359 in

507 2383 773 2443 ententiis
813 2382 1095 2464 eligendis
1117 2426 1144 2455 2
1182 2380 1356 2467 quim
1379 2402 1510 2442 eum
1528 2426 1552 2452 ,
1579 2382 1748 2442 labor
1791 2380 1858 2449 ὃς

480 2476 618 2518 cura
650 2477 745 2525 tor
789 2480 920 2536 uet,
952 2478 1294 2537 verentem,
1322 2483 1437 2535 ne,
1469 2465 1515 2521 si
1535 2462 1713 2542 pauli>
1740 2461 1860 2521 ob-

477 2536 717 2600 soletior
775 2543 920 2602 uerit
948 2545 1137 2607 oratio
1158 2588 1179 2616 ‚
1215 2564 1339 2604 non
1364 2542 1538 2625 digna
1566 2542 1862 2625 exspeRae

430 2622 435 2631 “
479 2621 660 2680 tione·
685 2620 750 2681 &
786 2622 1016 2687 silentio
1040 2622 1199 2684 fuisse
1227 2624 1512 2693 videatur.

478 2746 499 2755 .-
569 2717 666 2778 34.
707 2700 896 2781 Qubd
935 2707 981 2764 si
1023 2705 1086 2763 in
1120 2706 1292 2766 nobis
1331 2750 1352 2780 ‚
1406 2706 1506 2787 qui
1546 2703 1855 2776 adsutum,

479 2794 653 2849 tante
674 2781 1157 2873 dissimilitudines
1170 2830 1196 2865 ‚
1216 2803 1337 2847 tam
1353 2803 1526 2848 certae
1548 2805 1641 2848 tes
1663 2782 1860 2866 cujus·⁴
