2017 3634
386 251 549 314 faoa
740 242 897 312 DE
970 240 1510 313 Ostur-01³1:

438 354 568 437 quae
590 361 827 439 propria
847 347 1147 420 oratorum
1174 375 1341 439 putas
1368 355 1480 418 esse
1505 352 1824 436 adjumen-

368 432 375 445 ’
438 455 501 497 ta
517 484 536 512 ,
580 455 752 521 atque
798 456 1142 501 ornamenta
1173 438 1445 511 dicendi,
1490 437 1564 497 ab
1599 435 1659 498 se
1690 440 1821 519 peti

437 521 745 581 vincerent
764 538 1045 601 oportere
1061 541 1080 592 ;
1104 542 1170 580 ac
1192 541 1312 579 non
1328 517 1516 579 solum
1533 521 1780 580 meliora
1795 564 1818 594 ‚

438 597 541 659 sed
569 602 741 660 etiam
762 603 946 662 multo
966 601 1132 683 plura
1153 599 1532 661 Aristotelem
1557 644 1577 673 ‚
1614 598 1822 661 Theo-

440 679 849 764 phrastumque
889 682 964 742 de
1006 682 1095 741 his
1130 683 1301 743 rebus
1327 726 1346 756 ,
1394 679 1570 762 quam
1605 680 1822 743 omnes

441 760 677 822 dicendi
699 785 790 822 ma
836 766 847 779 '
930 784 998 823 os
1013 760 1286 843 scripsisse
1306 760 1704 823 ostenderent.

450 884 465 905 «.
524 863 623 916 44.
669 843 755 903 Μ’
805 866 873 904 os
907 843 1063 904 facio
1102 844 1587 916 mathematicos,
1625 863 1825 925 gram·-

441 927 688 985 maticos
712 969 731 998 ‚
772 927 1027 985 musicos
1048 969 1069 997 ‚
1107 944 1357 1005 quorum
1381 924 1595 982 artibus
1626 920 1821 984 vestra

442 1001 796 1065 ista‘dicencli
818 1008 907 1067 vis
928 1024 1002 1064 ne
1022 1004 1262 1065 minima
1286 1003 1521 1086 quidem
1542 1002 1822 1065 societate

374 1096 379 1101 ’
442 1085 834 1166 conjungitur.
886 1085 1302 1164 Quamobrem
1331 1082 1432 1144 ista
1458 1101 1650 1159 tanta,
1675 1083 1826 1145 tam·

486 1184 560 1245 ue
588 1165 807 1240 multa,
850 1164 1215 1246 profitenda,
1259 1162 1491 1238 Crasse,
1525 1186 1647 1226 non
1676 1185 1824 1226 cen-

441 1184 578 1306 ῗεοε
608 1242 737 1306 satis
759 1246 819 1307 id
843 1245 925 1307 est
952 1268 1227 1330 magnum
1243 1292 1262 1320 ,
1289 1245 1454 1327 quod
1476 1263 1652 1326 potes
1670 1267 1823 1327 prae-

442 1322 625 1399 stare,
649 1343 714 1387 ut
736 1324 1049 1407 injudiciis
1073 1348 1142 1390 ea
1164 1326 1328 1387 causa
1344 1372 1364 1401 ‚
1391 1347 1821 1408 quamcumque

442 1421 508 1469 tu
528 1407 670 1467 dicis
690 1452 712 1481 ,
740 1410 953 1470 melior
978 1410 1045 1468 ·&
1078 1408 1442 1489 probabilior
1467 1405 1580 1467 esse
1614 1408 1823 1491 videa-

443 1502 572 1548 tur:
606 1506 672 1550 ut
695 1492 756 1553 in
783 1491 1196 1562 concionibus,
1233 1506 1298 1548 ut
1325 1490 1384 1548 in
1406 1487 1700 1548 sententiis
1730 1487 1822 1551 di·-

444 1569 647 1629 cendis
674 1569 748 1629 ad
775 1570 1238 1651 persuadendum
1261 1586 1360 1629 tua
1384 1569 1694 1649 plurimum
1715 1592 1824 1651 ya-

442 1648 562 1708 leat
581 1653 801 1709 oratio:
824 1652 1078 1731 denique
1100 1667 1163 1711 ut
1180 1649 1557 1730 prudentibus
1578 1647 1820 1726 diserte,

444 1725 625 1790 stultis
643 1733 821 1790 etiam
838 1733 984 1794 fvere
1013 1732 1205 1792 dicere
1221 1730 1491 1794 videaris»
1530 1730 1821 1798 Hocram-

443 1808 594 1950 Elius
637 1811 684 1869 si
721 1806 861 1894 quid
900 1816 1163 1894 poteriS,
1203 1832 1327 1871 non
1365 1810 1426 1870 id
1465 1811 1605 1871 mihi
1642 1809 1821 1873 vide-

488 1891 599 1949 itur
658 1909 856 1952 orator
884 1937 904 1968 ,
967 1891 1068 1954 sed
1121 1888 1348 1953 Crassus
1406 1890 1504 1952 sua
1563 1891 1828 1974 quadam

443 1971 682 2052 propria
711 2016 731 2046 ,
785 1993 910 2035 non
949 1976 1249 2036 communi
1288 1989 1589 2035 oratorum
1627 1971 1819 2035 facul-

445 2066 569 2112 tate
676 2049 775 2114 sse.
1137 2116 1140 2119 .
1848 2063 1856 2070 ‘

454 2176 465 2191 f
525 2130 586 2192 X
619 2177 636 2193 .
674 2131 833 2195 Tum
864 2133 998 2210 ille,
1040 2132 1183 2195 Non
1206 2132 1328 2195 sum
1352 2177 1371 2207 ‚
1412 2134 1638 2214 inquit,
1682 2146 1822 2197 nesi

445 2212 568 2275 cius
589 2259 608 2288 ,
652 2213 915 2278 Scaevola
936 2257 957 2289 ,
1006 2213 1110 2275 ista
1128 2218 1278 2276 inter
1298 2213 1542 2276 Graecos
1566 2215 1714 2290 dici,
1748 2216 1822 2278 &a

444 2291 747 2376 disceptari
765 2293 991 2357 solere:
1022 2295 1220 2356 audivi
1246 2298 1403 2357 enim
1424 2294 1677 2357 summos
1703 2297 1822 2357 ho.-

446 2377 632 2436 mines
646 2420 666 2450 ‚
684 2397 867 2457 quum
883 2374 1129 2457 quaestor
1148 2397 1222 2439 ex
1243 2375 1601 2437 Macedonia
1617 2378 1824 2438 venis-»-

443 2451 565 2515 sem
585 2454 879 2531 Athenas»,
913 2458 1163 2518 florente
1197 2454 1553 2530 Academia,
1583 2473 1649 2517 ut
1668 2456 1824 2520 tem-

445 2535 685 2616 poribus
703 2536 813 2596 illis
831 2536 1125 2599 ferebatur
1141 2581 1160 2611 ‚
1193 2536 1354 2618 quod
1376 2557 1507 2598 eam
1527 2533 1823 2599 Charma-

446 2612 587 2689 das,
623 2616 688 2677 &
712 2615 1148 2692 Clitomachus»,
1183 2618 1251 2679 &
1274 2616 1572 2679 AEschines
1590 2619 1824 2680 obtine-

447 2696 610 2759 bant.
683 2696 820 2759 Erat
856 2701 1034 2761 etiam
1070 2698 1450 2761 Metrodorus
1473 2743 1492 2773 ,
1540 2700 1640 2780 qui
1682 2721 1820 2761 cum

378 2872 383 2877 ἢ
445 2775 556 2843 iuis
586 2776 702 2842 una
740 2780 923 2865 ipsum
963 2780 1127 2844 illum
1163 2779 1540 2859 Carneadem
1565 2780 1822 2868 diligen-a

688 2923 758 2945 -ad
