2017 3634
539 257 692 331 282
838 257 996 329 De
1066 254 1624 325 ORAroRE

524 370 729 435 ‘effecit
760 375 911 434 inter
936 370 994 433 se
1014 415 1034 445 ,
1076 368 1175 432 sed
1199 374 1426 431 tantum
1461 369 1630 432 alteri
1659 366 1911 444 affinxit,

537 454 614 513 de
652 453 836 515 altero
872 452 1097 515 limavit
1135 497 1154 526 ,
1207 470 1273 513 ut
1316 452 1378 513 id
1422 451 1823 513 conformaret
1853 455 1910 511 in

536 552 786 616 utroque
801 579 821 609 ,
849 534 1013 616 quod
1029 532 1318 616 utriusque
1339 550 1543 594 natura
1562 550 1878 614 pateretur.

614 614 695 677 X.
736 615 881 677 Haec
932 616 1007 677 eo
1045 616 1188 676 mihi
1230 614 1605 696 praedicenda
1640 614 1908 688 fuerunt,

533 712 636 771 ut,
682 700 733 757 si
770 719 893 759 non
932 699 1169 771 omnia,
1256 719 1343 757 uae
1374 713 1849 778 proponerentur
1879 716 1913 754 a

533 798 675 852 me,
718 779 794 839 ad
833 781 1095 841 omnium
1132 797 1208 839 ve
1259 777 1382 837 rfim
1421 776 1713 851 studium,
1754 775 1912 838 &ad

465 867 473 875 ‘
536 880 720 941 genus
740 860 801 920 id
819 906 838 935 ,
865 860 1030 942 quod
1050 858 1285 941 quisque
1306 857 1560 921 vestrum
1577 862 1639 919 in
1662 857 1910 919 dicendo

535 943 816 1022 probaret
846 986 866 1015 ,
905 939 1401 1014 adhaerescerent,
1447 939 1507 999 id
1542 962 1575 1000 a
1608 960 1708 1000 me
1738 958 1912 1022 genus

539 1024 785 1101 exprimi
811 1020 1129 1095 sentiretis»,
1159 1022 1322 1103 quod
1355 1021 1606 1081 maxime
1640 1022 1785 1080 mihi
1813 1019 1912 1102 ipsi

537 1103 903 1182 probaretur.
961 1102 1123 1185 Ergo
1163 1103 1287 1162 haec
1329 1103 1392 1162 &
1422 1101 1651 1185 agenda
1686 1101 1819 1162 sunt
1848 1099 1913 1160 ab

538 1201 809 1257 oratore,
832 1205 960 1266 quae
977 1204 1050 1245 ex
1095 1184 1291 1245 licavit
1304 1182 1624 1256 AntoniuS,
1644 1184 1710 1242 ὅτ.
1732 1183 1916 1243 dicen·

539 1264 614 1325 da
639 1265 897 1346 quodam
923 1287 1026 1326 mo
1072 1287 1134 1325 o.
1193 1264 1458 1345 Quinam
1482 1266 1654 1347 igitur
1688 1262 1913 1324 dicendi

540 1343 626 1409 est
644 1346 853 1408 modus
882 1347 1098 1409 melior
1134 1354 1162 1423 ζ
1173 1367 1308 1407 nam
1333 1345 1407 1406 de
1433 1345 1660 1406 afflone
1683 1342 1817 1425 post
1836 1346 1916 1403 vi-

543 1427 720 1502 dero)
785 1427 918 1488 uam
938 1445 1001 1488 ut
1023 1428 1226 1487 Latine
1245 1473 1264 1501 ,
1288 1444 1350 1487 ut
1365 1428 1537 1508 plane
1555 1473 1572 1501 ,
1593 1443 1660 1486 ut
1681 1425 1914 1497 ornate,

541 1526 607 1571 ut
637 1510 750 1570 a'di
808 1554 827 1583 ,
856 1509 1269 1591 quodcumque
1290 1526 1525 1591 agetur,
1560 1508 1698 1589 apte
1722 1553 1744 1583 ,
1787 1527 1917 1569 con·

542 1608 933 1671 gruenterque
967 1590 1272 1674 dicamur»,

636 1670 729 1749 38.
774 1674 971 1751 Atque
992 1691 1202 1730 eorum
1218 1670 1491 1752 quidem,
1519 1690 1648 1750 quae
1667 1669 1790 1729 duo
1849 1669 1914 1727 ri·

489 1763 498 1769 ·
542 1770 640 1811 ma
671 1750 817 1823 dixi,
849 1753 1140 1811 rationem
1175 1772 1296 1812 non
1333 1751 1581 1811 arbitror
1608 1749 1717 1810 exs
1754 1691 1910 1812 effari

542 1851 578 1891 a
611 1852 744 1904 me,
779 1833 947 1911 puri,
982 1831 1334 1914 dilucidique
1365 1831 1672 1893 sermonis,
1775 1848 1909 1909 eque

544 1914 701 1971 enim
724 1933 1003 1972 conamur
1032 1912 1250 1975 docere
1284 1932 1417 1972 eum
1450 1913 1684 1985 dicere,
1755 1911 1912 1971 uilo·-

541 1994 642 2072 qui
673 1990 922 2053 nesciat:
966 2013 1078 2053 nec
1109 1992 1378 2074 sperare,
1458 1996 1517 2052 ui
1556 1992 1728 2052 Latin
1801 2009 1907 2051 non
1987 2022 1988 2053 1

543 2074 729 2155 possit
752 2118 772 2148 ,
805 2073 960 2134 hunc
989 2074 1195 2134 ornate
1222 2073 1342 2137 esse
1371 2074 1430 2133 di
1484 2094 1653 2133 urum
1678 2095 1692 2132 ε
1730 2089 1906 2154 neque
1987 2072 1988 2079 ’

541 2155 731 2228 verb,
774 2158 872 2236 qui
910 2177 1033 2216 non
1069 2155 1221 2215 dicat
1244 2201 1265 2228 ,
1300 2155 1464 2236 quod
1498 2154 1905 2237 intelligamus,

541 2233 695 2295 hunc
715 2234 913 2316 poss'e,
946 2236 1109 2318 quod
1127 2234 1511 2309 admiremur,
1533 2235 1756 2296 dicere.
1789 2234 1908 2296 Lin-
1985 2270 1986 2273 =

544 2337 788 2396 quamtis
815 2320 985 2399 igitur
1017 2318 1140 2376 haec
1161 2362 1185 2389 ‚
1224 2338 1354 2400 quae
1383 2318 1788 2399 cognitionem
1807 2316 1910 2374 ha-
1985 2328 1986 2391 ᾗ

544 2396 691 2457 bent
714 2397 941 2459 facilem
961 2443 981 2471 ,
1009 2397 1168 2459 usum
1183 2395 1594 2460 necessarium:
1626 2418 1766 2457 nam
1786 2395 1908 2456 altc-

545 2499 676 2538 rum
713 2479 957 2537 traditur
981 2479 1182 2539 litteris
1207 2523 1227 2552 ‚
1269 2477 1648 2558 doarium-aque
1674 2476 1903 2559 puerili3

543 2558 789 2619 alterum
825 2558 1133 2619 adhibetur
1156 2559 1236 2619 ob
1272 2580 1404 2621 eam
1441 2557 1667 2620 causam
1688 2603 1708 2633 ,
1736 2559 1904 2618 utin·
1983 2570 1984 2637 j

537 2641 830 2723 telligatur
851 2686 868 2711 ,
906 2642 1045 2722 quid
1120 2640 1311 2723 uisque
1333 2641 1526 2701 dicat:
1557 2639 1720 2722 quod
1743 2637 1899 2699 vide-
1983 2646 1984 2697 1

542 2742 671 2783 mus
691 2725 775 2782 ita
792 2720 903 2783 effe
930 2742 1078 2783 nece
1124 2725 1306 2783 arium
1326 2769 1345 2797 ,
1365 2738 1441 2785 ‘ut
1470 2738 1669 2785 tamen
1699 2721 1778 2785 eb
1803 2717 1903 2782 mi·

542 2823 657 2865 nus
684 2804 825 2866 nihil
853 2801 969 2868 esse
1000 2804 1202 2890 possit.
1319 2806 1324 2813 ’
1397 2804 1404 2813 ’
1979 2854 1982 3015 A
