<?xml version="1.0" encoding="UTF-8"?>
<!DOCTYPE html PUBLIC "-//W3C//DTD XHTML 1.0 Transitional//EN"
    "http://www.w3.org/TR/xhtml1/DTD/xhtml1-transitional.dtd">
<html xmlns="http://www.w3.org/1999/xhtml" xml:lang="en" lang="en">
 <head>
  <title>
</title>
<meta http-equiv="Content-Type" content="text/html;charset=utf-8" />
  <meta name='ocr-system' content='tesseract 3.04.00' />
  <meta name='ocr-capabilities' content='ocr_page ocr_carea ocr_par ocr_line ocrx_word'/>
</head>
<body>
  <div class='ocr_page' id='page_1' title='image "./mtulliiciceroni18unkngoog_0056.png"; bbox 0 0 2017 3634; ppageno 0'>
   <div class='ocr_carea' id='block_1_1' title="bbox 488 278 1574 387">
    <p class='ocr_par' dir='ltr' id='par_1_1' title="bbox 488 278 1574 387">
     <span class='ocr_line' id='line_1_1' title="bbox 488 278 1574 387; baseline -0.004 -33"><span class='ocrx_word' id='word_1_1' title='bbox 488 280 601 387; x_wconf 62' lang='lat'>4⁶</span> <span class='ocrx_word' id='word_1_2' title='bbox 798 278 1574 357; x_wconf 60' lang='lat' dir='ltr'>DssORAz-oflss</span> 
     </span>
    </p>
   </div>
   <div class='ocr_carea' id='block_1_2' title="bbox 478 395 1886 2907">
    <p class='ocr_par' dir='ltr' id='par_1_2' title="bbox 486 395 1886 804">
     <span class='ocr_line' id='line_1_2' title="bbox 487 395 1886 480; baseline 0.003 -23"><span class='ocrx_word' id='word_1_3' title='bbox 487 398 653 467; x_wconf 55' lang='lat' dir='ltr'>*enim</span> <span class='ocrx_word' id='word_1_4' title='bbox 687 397 785 458; x_wconf 70' lang='lat' dir='ltr'>ilia</span> <span class='ocrx_word' id='word_1_5' title='bbox 818 397 976 459; x_wconf 85' lang='lat' dir='ltr'>dona</span> <span class='ocrx_word' id='word_1_6' title='bbox 1007 400 1254 471; x_wconf 68' lang='lat' dir='ltr'>naturae)</span> <span class='ocrx_word' id='word_1_7' title='bbox 1282 398 1422 480; x_wconf 88' lang='lat' dir='ltr'>quid</span> <span class='ocrx_word' id='word_1_8' title='bbox 1451 398 1525 460; x_wconf 88' lang='lat' dir='ltr'>de</span> <span class='ocrx_word' id='word_1_9' title='bbox 1544 398 1653 461; x_wconf 81' lang='lat' dir='ltr'>illis</span> <span class='ocrx_word' id='word_1_10' title='bbox 1675 395 1886 474; x_wconf 53' lang='lat' dir='ltr'>dicetf„</span> 
     </span>
     <span class='ocr_line' id='line_1_3' title="bbox 486 477 1877 560; baseline 0 -22"><span class='ocrx_word' id='word_1_11' title='bbox 486 499 624 559; x_wconf 64' lang='lat' dir='ltr'>rquae</span> <span class='ocrx_word' id='word_1_12' title='bbox 665 479 824 539; x_wconf 72' lang='lat' dir='ltr'>certe</span> <span class='ocrx_word' id='word_1_13' title='bbox 880 501 1013 540; x_wconf 89' lang='lat' dir='ltr'>cum</span> <span class='ocrx_word' id='word_1_14' title='bbox 1059 477 1184 560; x_wconf 88' lang='lat' dir='ltr'>ipso</span> <span class='ocrx_word' id='word_1_15' title='bbox 1225 479 1466 540; x_wconf 84' lang='lat' dir='ltr'>homine</span> <span class='ocrx_word' id='word_1_16' title='bbox 1521 477 1828 553; x_wconf 86' lang='lat' dir='ltr'>nascuntur</span> <span class='ocrx_word' id='word_1_17' title='bbox 1846 523 1877 551; x_wconf 88' lang='lat'>,</span> 
     </span>
     <span class='ocr_line' id='line_1_4' title="bbox 488 557 1876 641; baseline 0.001 -23"><span class='ocrx_word' id='word_1_18' title='bbox 488 558 703 641; x_wconf 64' lang='lat' dir='ltr'>linguae</span> <span class='ocrx_word' id='word_1_19' title='bbox 725 559 970 634; x_wconf 64' lang='lat' dir='ltr'>solutio,</span> <span class='ocrx_word' id='word_1_20' title='bbox 999 562 1165 621; x_wconf 85' lang='lat' dir='ltr'>vocis</span> <span class='ocrx_word' id='word_1_21' title='bbox 1191 557 1363 620; x_wconf 87' lang='lat' dir='ltr'>sonus</span> <span class='ocrx_word' id='word_1_22' title='bbox 1378 604 1401 633; x_wconf 80' lang='lat'>,</span> <span class='ocrx_word' id='word_1_23' title='bbox 1438 559 1649 634; x_wconf 81' lang='lat' dir='ltr'>latera,</span> <span class='ocrx_word' id='word_1_24' title='bbox 1671 563 1828 620; x_wconf 85' lang='lat' dir='ltr'>vires</span> <span class='ocrx_word' id='word_1_25' title='bbox 1848 603 1876 635; x_wconf 82' lang='lat'><strong>,</strong></span> 
     </span>
     <span class='ocr_line' id='line_1_5' title="bbox 486 637 1874 725; baseline 0.001 -24"><span class='ocrx_word' id='word_1_26' title='bbox 486 638 887 702; x_wconf 76' lang='lat' dir='ltr'>conformatio</span> <span class='ocrx_word' id='word_1_27' title='bbox 907 640 1173 724; x_wconf 66' lang='lat' dir='ltr'>quaedam</span> <span class='ocrx_word' id='word_1_28' title='bbox 1189 686 1211 718; x_wconf 85' lang='lat'>‚</span> <span class='ocrx_word' id='word_1_29' title='bbox 1235 642 1300 703; x_wconf 88' lang='lat'>&amp;</span> <span class='ocrx_word' id='word_1_30' title='bbox 1316 637 1498 725; x_wconf 82' lang='lat' dir='ltr'>figura</span> <span class='ocrx_word' id='word_1_31' title='bbox 1515 644 1693 705; x_wconf 82' lang='lat' dir='ltr'>totius</span> <span class='ocrx_word' id='word_1_32' title='bbox 1712 643 1829 703; x_wconf 85' lang='lat' dir='ltr'>oris</span> <span class='ocrx_word' id='word_1_33' title='bbox 1846 684 1874 716; x_wconf 83' lang='lat'><strong>,</strong></span> 
     </span>
     <span class='ocr_line' id='line_1_6' title="bbox 492 720 1816 804; baseline 0.005 -23"><span class='ocrx_word' id='word_1_34' title='bbox 492 720 566 793; x_wconf 62' lang='grc' dir='ltr'>,δι</span> <span class='ocrx_word' id='word_1_35' title='bbox 594 720 899 804; x_wconf 77' lang='lat' dir='ltr'>corporis?</span> <span class='ocrx_word' id='word_1_36' title='bbox 1811 782 1816 787; x_wconf 87' lang='lat'>.</span> 
     </span>
    </p>

    <p class='ocr_par' dir='ltr' id='par_1_3' title="bbox 482 800 1876 1855">
     <span class='ocr_line' id='line_1_7' title="bbox 503 800 1875 886; baseline 0.001 -26"><span class='ocrx_word' id='word_1_37' title='bbox 503 858 510 868; x_wconf 83' lang='grc'><em>,</em></span> <span class='ocrx_word' id='word_1_38' title='bbox 584 820 716 883; x_wconf 84' lang='lat'>115.</span> <span class='ocrx_word' id='word_1_39' title='bbox 763 801 976 886; x_wconf 83' lang='lat' dir='ltr'>Neque</span> <span class='ocrx_word' id='word_1_40' title='bbox 1014 802 1141 863; x_wconf 81' lang='lat' dir='ltr'>haec</span> <span class='ocrx_word' id='word_1_41' title='bbox 1175 805 1259 863; x_wconf 85' lang='lat' dir='ltr'>ita</span> <span class='ocrx_word' id='word_1_42' title='bbox 1297 800 1433 863; x_wconf 89' lang='lat' dir='ltr'>dico</span> <span class='ocrx_word' id='word_1_43' title='bbox 1458 847 1478 877; x_wconf 91' lang='lat'>‚</span> <span class='ocrx_word' id='word_1_44' title='bbox 1531 818 1595 862; x_wconf 90' lang='lat' dir='ltr'>ut</span> <span class='ocrx_word' id='word_1_45' title='bbox 1632 822 1723 863; x_wconf 77' lang='lat' dir='ltr'>ars</span> <span class='ocrx_word' id='word_1_46' title='bbox 1760 801 1875 869; x_wconf 76' lang='lat' dir='ltr'>ali-</span> 
     </span>
     <span class='ocr_line' id='line_1_8' title="bbox 486 880 1876 969; baseline -0.001 -25"><span class='ocrx_word' id='word_1_47' title='bbox 486 880 858 966; x_wconf 80' lang='lat' dir='ltr'>quid&#39;limare</span> <span class='ocrx_word' id='word_1_48' title='bbox 891 882 1014 944; x_wconf 78' lang='lat' dir='ltr'>nori</span> <span class='ocrx_word' id='word_1_49' title='bbox 1043 886 1263 964; x_wconf 78' lang='lat' dir='ltr'>possit:</span> <span class='ocrx_word' id='word_1_50' title='bbox 1303 904 1495 969; x_wconf 84' lang='lat' dir='ltr'>neque</span> <span class='ocrx_word' id='word_1_51' title='bbox 1514 885 1672 945; x_wconf 86' lang='lat' dir='ltr'>enim</span> <span class='ocrx_word' id='word_1_52' title='bbox 1691 886 1876 965; x_wconf 85' lang='lat' dir='ltr'>igno-</span> 
     </span>
     <span class='ocr_line' id='line_1_9' title="bbox 490 961 1871 1046; baseline 0.001 -22"><span class='ocrx_word' id='word_1_53' title='bbox 490 985 563 1037; x_wconf 66' lang='lat' dir='ltr'>ro</span> <span class='ocrx_word' id='word_1_54' title='bbox 584 1008 604 1039; x_wconf 91' lang='lat'>‚</span> <span class='ocrx_word' id='word_1_55' title='bbox 640 965 706 1024; x_wconf 88' lang='lat'>&amp;</span> <span class='ocrx_word' id='word_1_56' title='bbox 738 986 866 1046; x_wconf 82' lang='lat' dir='ltr'>quae</span> <span class='ocrx_word' id='word_1_57' title='bbox 891 965 1052 1024; x_wconf 85' lang='lat' dir='ltr'>bona</span> <span class='ocrx_word' id='word_1_58' title='bbox 1074 966 1186 1036; x_wconf 83' lang='lat' dir='ltr'>sint</span> <span class='ocrx_word' id='word_1_59' title='bbox 1208 1007 1234 1038; x_wconf 85' lang='lat'>,</span> <span class='ocrx_word' id='word_1_60' title='bbox 1279 962 1405 1028; x_wconf 84' lang='lat' dir='ltr'>fieri</span> <span class='ocrx_word' id='word_1_61' title='bbox 1431 963 1675 1026; x_wconf 85' lang='lat' dir='ltr'>meliora</span> <span class='ocrx_word' id='word_1_62' title='bbox 1701 961 1871 1045; x_wconf 75' lang='lat' dir='ltr'>poss&#39;e</span> 
     </span>
     <span class='ocr_line' id='line_1_10' title="bbox 489 1043 1867 1127; baseline 0.002 -23"><span class='ocrx_word' id='word_1_63' title='bbox 489 1043 754 1105; x_wconf 57' lang='lat' dir='ltr'>doctrina</span> <span class='ocrx_word' id='word_1_64' title='bbox 767 1090 787 1123; x_wconf 84' lang='lat'>,</span> <span class='ocrx_word' id='word_1_65' title='bbox 809 1045 873 1105; x_wconf 88' lang='lat'>&amp;</span> <span class='ocrx_word' id='word_1_66' title='bbox 886 1066 1015 1127; x_wconf 81' lang='lat' dir='ltr'>quae</span> <span class='ocrx_word' id='word_1_67' title='bbox 1033 1066 1155 1106; x_wconf 85' lang='lat' dir='ltr'>non</span> <span class='ocrx_word' id='word_1_68' title='bbox 1176 1047 1401 1127; x_wconf 83' lang='lat' dir='ltr'>optima</span> <span class='ocrx_word' id='word_1_69' title='bbox 1417 1090 1435 1119; x_wconf 93' lang='lat'><strong>,</strong></span> <span class='ocrx_word' id='word_1_70' title='bbox 1461 1044 1655 1127; x_wconf 87' lang='lat' dir='ltr'>aliquo</span> <span class='ocrx_word' id='word_1_71' title='bbox 1673 1044 1867 1113; x_wconf 78' lang='lat' dir='ltr'>modo</span> 
     </span>
     <span class='ocr_line' id='line_1_11' title="bbox 490 1123 1869 1209; baseline 0.001 -25"><span class='ocrx_word' id='word_1_72' title='bbox 490 1128 619 1199; x_wconf 71' lang='lat' dir='ltr'>acui</span> <span class='ocrx_word' id='word_1_73' title='bbox 642 1143 874 1199; x_wconf 82' lang='lat' dir='ltr'>tamen,</span> <span class='ocrx_word' id='word_1_74' title='bbox 907 1127 970 1187; x_wconf 87' lang='lat'>&amp;</span> <span class='ocrx_word' id='word_1_75' title='bbox 996 1128 1211 1209; x_wconf 81' lang='lat' dir='ltr'>corrigi</span> <span class='ocrx_word' id='word_1_76' title='bbox 1230 1123 1422 1207; x_wconf 84' lang='lat' dir='ltr'>posse:</span> <span class='ocrx_word' id='word_1_77' title='bbox 1452 1124 1553 1187; x_wconf 79' lang='lat' dir='ltr'>sed</span> <span class='ocrx_word' id='word_1_78' title='bbox 1585 1124 1710 1187; x_wconf 86' lang='lat' dir='ltr'>sunt</span> <span class='ocrx_word' id='word_1_79' title='bbox 1733 1128 1869 1208; x_wconf 88' lang='lat' dir='ltr'>qui·-</span> 
     </span>
     <span class='ocr_line' id='line_1_12' title="bbox 484 1204 1868 1289; baseline 0.004 -24"><span class='ocrx_word' id='word_1_80' title='bbox 484 1204 627 1277; x_wconf 74' lang='lat' dir='ltr'>dam</span> <span class='ocrx_word' id='word_1_81' title='bbox 654 1223 751 1266; x_wconf 89' lang='lat' dir='ltr'>aut</span> <span class='ocrx_word' id='word_1_82' title='bbox 777 1208 856 1266; x_wconf 87' lang='lat' dir='ltr'>ita</span> <span class='ocrx_word' id='word_1_83' title='bbox 874 1206 1067 1289; x_wconf 65' lang='lat' dir='ltr'>lingua</span> <span class='ocrx_word' id='word_1_84' title='bbox 1088 1206 1455 1282; x_wconf 69' lang='lat' dir='ltr'>haesita&#39;nteS,</span> <span class='ocrx_word' id='word_1_85' title='bbox 1480 1225 1577 1267; x_wconf 90' lang='lat' dir='ltr'>aut</span> <span class='ocrx_word' id='word_1_86' title='bbox 1600 1210 1681 1268; x_wconf 86' lang='lat' dir='ltr'>ita</span> <span class='ocrx_word' id='word_1_87' title='bbox 1702 1226 1868 1270; x_wconf 79' lang='lat' dir='ltr'>voce</span> 
     </span>
     <span class='ocr_line' id='line_1_13' title="bbox 483 1285 1866 1370; baseline 0.001 -23"><span class='ocrx_word' id='word_1_88' title='bbox 483 1285 688 1355; x_wconf 53' lang='lat' dir='ltr'>absoni</span> <span class='ocrx_word' id='word_1_89' title='bbox 706 1332 732 1362; x_wconf 78' lang='lat'>‚</span> <span class='ocrx_word' id='word_1_90' title='bbox 792 1304 889 1347; x_wconf 81' lang='lat' dir='ltr'>aut</span> <span class='ocrx_word' id='word_1_91' title='bbox 944 1290 1029 1348; x_wconf 79' lang='lat' dir='ltr'>ita</span> <span class='ocrx_word' id='word_1_92' title='bbox 1063 1287 1227 1349; x_wconf 86' lang='lat' dir='ltr'>vultu</span> <span class='ocrx_word' id='word_1_93' title='bbox 1266 1303 1546 1370; x_wconf 88' lang='lat' dir='ltr'>motuque</span> <span class='ocrx_word' id='word_1_94' title='bbox 1597 1290 1866 1368; x_wconf 81' lang='lat' dir='ltr'>corporis</span> 
     </span>
     <span class='ocr_line' id='line_1_14' title="bbox 488 1365 1868 1452; baseline 0.001 -25"><span class='ocrx_word' id='word_1_95' title='bbox 488 1365 631 1439; x_wconf 74' lang='lat' dir='ltr'>yasti</span> <span class='ocrx_word' id='word_1_96' title='bbox 651 1414 670 1442; x_wconf 92' lang='lat'>‚</span> <span class='ocrx_word' id='word_1_97' title='bbox 693 1385 869 1451; x_wconf 89' lang='lat' dir='ltr'>atque</span> <span class='ocrx_word' id='word_1_98' title='bbox 890 1366 1141 1452; x_wconf 82' lang='lat' dir='ltr'>agrestes</span> <span class='ocrx_word' id='word_1_99' title='bbox 1161 1414 1180 1443; x_wconf 87' lang='lat'><strong><em>‚</em></strong></span> <span class='ocrx_word' id='word_1_100' title='bbox 1208 1385 1271 1428; x_wconf 83' lang='lat' dir='ltr'>ut</span> <span class='ocrx_word' id='word_1_101' title='bbox 1290 1412 1310 1443; x_wconf 91' lang='lat'>‚</span> <span class='ocrx_word' id='word_1_102' title='bbox 1332 1370 1556 1432; x_wconf 87' lang='lat' dir='ltr'>etiarnsi</span> <span class='ocrx_word' id='word_1_103' title='bbox 1574 1369 1868 1452; x_wconf 81' lang='lat' dir='ltr'>ingeniis,</span> 
     </span>
     <span class='ocr_line' id='line_1_15' title="bbox 483 1448 1866 1533; baseline -0.001 -24"><span class='ocrx_word' id='word_1_104' title='bbox 483 1467 664 1533; x_wconf 79' lang='lat' dir='ltr'>atque</span> <span class='ocrx_word' id='word_1_105' title='bbox 688 1465 811 1510; x_wconf 86' lang='lat' dir='ltr'>arte</span> <span class='ocrx_word' id='word_1_106' title='bbox 831 1448 1100 1524; x_wconf 67' lang='lat' dir='ltr'>valeant,</span> <span class='ocrx_word' id='word_1_107' title='bbox 1117 1465 1321 1510; x_wconf 52' lang='lat' dir='ltr'>&lt;tamen</span> <span class='ocrx_word' id='word_1_108' title='bbox 1343 1451 1403 1508; x_wconf 90' lang='lat' dir='ltr'>in</span> <span class='ocrx_word' id='word_1_109' title='bbox 1429 1465 1730 1510; x_wconf 86' lang='lat' dir='ltr'>oratorum</span> <span class='ocrx_word' id='word_1_110' title='bbox 1751 1469 1866 1509; x_wconf 87' lang='lat' dir='ltr'>nu·-</span> 
     </span>
     <span class='ocr_line' id='line_1_16' title="bbox 487 1527 1862 1612; baseline 0 -21"><span class='ocrx_word' id='word_1_111' title='bbox 487 1550 717 1592; x_wconf 88' lang='lat' dir='ltr'>merum</span> <span class='ocrx_word' id='word_1_112' title='bbox 750 1532 952 1592; x_wconf 87' lang='lat' dir='ltr'>venire</span> <span class='ocrx_word' id='word_1_113' title='bbox 992 1552 1117 1590; x_wconf 86' lang='lat' dir='ltr'>non</span> <span class='ocrx_word' id='word_1_114' title='bbox 1163 1532 1406 1612; x_wconf 88' lang='lat' dir='ltr'>possint.</span> <span class='ocrx_word' id='word_1_115' title='bbox 1461 1527 1607 1593; x_wconf 82' lang='lat' dir='ltr'><strong>Sunt</strong></span> <span class='ocrx_word' id='word_1_116' title='bbox 1660 1547 1862 1598; x_wconf 81' lang='lat' dir='ltr'>autem</span> 
     </span>
     <span class='ocr_line' id='line_1_17' title="bbox 487 1610 1866 1705; baseline -0.001 -33"><span class='ocrx_word' id='word_1_117' title='bbox 487 1611 723 1705; x_wconf 79' lang='lat' dir='ltr'>quidam</span> <span class='ocrx_word' id='word_1_118' title='bbox 742 1614 823 1670; x_wconf 91' lang='lat' dir='ltr'>ita</span> <span class='ocrx_word' id='word_1_119' title='bbox 852 1614 911 1671; x_wconf 86' lang='lat' dir='ltr'>in</span> <span class='ocrx_word' id='word_1_120' title='bbox 938 1610 1142 1672; x_wconf 84' lang='lat' dir='ltr'>iisdem</span> <span class='ocrx_word' id='word_1_121' title='bbox 1164 1611 1336 1672; x_wconf 79' lang='lat' dir='ltr'>rebus</span> <span class='ocrx_word' id='word_1_122' title='bbox 1357 1610 1577 1673; x_wconf 86' lang='lat' dir='ltr'>habiles</span> <span class='ocrx_word' id='word_1_123' title='bbox 1592 1655 1612 1684; x_wconf 89' lang='lat'>,</span> <span class='ocrx_word' id='word_1_124' title='bbox 1647 1612 1731 1671; x_wconf 85' lang='lat' dir='ltr'>ita</span> <span class='ocrx_word' id='word_1_125' title='bbox 1750 1633 1866 1670; x_wconf 75' lang='lat' dir='ltr'>na-</span> 
     </span>
     <span class='ocr_line' id='line_1_18' title="bbox 482 1690 1860 1766; baseline 0.004 -16"><span class='ocrx_word' id='word_1_126' title='bbox 482 1706 627 1751; x_wconf 74' lang='lat' dir='ltr'>turae</span> <span class='ocrx_word' id='word_1_127' title='bbox 644 1692 977 1753; x_wconf 86' lang='lat' dir='ltr'>muneribus</span> <span class='ocrx_word' id='word_1_128' title='bbox 1001 1693 1190 1751; x_wconf 84' lang='lat' dir='ltr'>ornati</span> <span class='ocrx_word' id='word_1_129' title='bbox 1204 1736 1226 1765; x_wconf 89' lang='lat'>‚</span> <span class='ocrx_word' id='word_1_130' title='bbox 1256 1708 1319 1752; x_wconf 90' lang='lat' dir='ltr'>ut</span> <span class='ocrx_word' id='word_1_131' title='bbox 1341 1713 1461 1753; x_wconf 88' lang='lat' dir='ltr'>non</span> <span class='ocrx_word' id='word_1_132' title='bbox 1481 1693 1638 1766; x_wconf 78' lang='lat' dir='ltr'>nati,</span> <span class='ocrx_word' id='word_1_133' title='bbox 1662 1690 1761 1754; x_wconf 86' lang='lat' dir='ltr'>sed</span> <span class='ocrx_word' id='word_1_134' title='bbox 1783 1692 1860 1755; x_wconf 82' lang='lat' dir='ltr'>ab</span> 
     </span>
     <span class='ocr_line' id='line_1_19' title="bbox 482 1769 1449 1855; baseline 0.001 -24"><span class='ocrx_word' id='word_1_135' title='bbox 482 1770 682 1855; x_wconf 66' lang='lat' dir='ltr'>aliquo</span> <span class='ocrx_word' id='word_1_136' title='bbox 712 1770 827 1831; x_wconf 91' lang='lat' dir='ltr'>deo</span> <span class='ocrx_word' id='word_1_137' title='bbox 854 1769 969 1831; x_wconf 66' lang='lat' dir='ltr'>fiai</span> <span class='ocrx_word' id='word_1_138' title='bbox 989 1771 1101 1834; x_wconf 83' lang='lat' dir='ltr'>effe</span> <span class='ocrx_word' id='word_1_139' title='bbox 1122 1772 1449 1834; x_wconf 82' lang='lat' dir='ltr'>videantur.</span> 
     </span>
    </p>

    <p class='ocr_par' dir='ltr' id='par_1_4' title="bbox 478 1851 1861 2572">
     <span class='ocr_line' id='line_1_20' title="bbox 581 1851 1860 1936; baseline 0.004 -26"><span class='ocrx_word' id='word_1_140' title='bbox 581 1871 604 1910; x_wconf 93' lang='lat'>1</span> <span class='ocrx_word' id='word_1_141' title='bbox 622 1852 712 1913; x_wconf 81' lang='lat'>16.</span> <span class='ocrx_word' id='word_1_142' title='bbox 748 1851 1034 1935; x_wconf 86' lang='lat' dir='ltr'>Magnum</span> <span class='ocrx_word' id='word_1_143' title='bbox 1063 1852 1363 1936; x_wconf 86' lang='lat' dir='ltr'>quoddam</span> <span class='ocrx_word' id='word_1_144' title='bbox 1384 1851 1467 1915; x_wconf 86' lang='lat' dir='ltr'>est</span> <span class='ocrx_word' id='word_1_145' title='bbox 1501 1875 1651 1917; x_wconf 83' lang='lat' dir='ltr'>onus</span> <span class='ocrx_word' id='word_1_146' title='bbox 1678 1870 1740 1913; x_wconf 87' lang='lat' dir='ltr'>at</span> <span class='ocrx_word' id='word_1_147' title='bbox 1821 1873 1860 1915; x_wconf 78' lang='lat' dir='ltr'>e</span> 
     </span>
     <span class='ocr_line' id='line_1_21' title="bbox 488 1872 1859 2017; baseline 0.001 -23"><span class='ocrx_word' id='word_1_148' title='bbox 488 1954 695 1994; x_wconf 88' lang='lat' dir='ltr'>munus</span> <span class='ocrx_word' id='word_1_149' title='bbox 710 1977 730 2008; x_wconf 90' lang='lat'>‚</span> <span class='ocrx_word' id='word_1_150' title='bbox 761 1931 1040 2015; x_wconf 87' lang='lat' dir='ltr'>suscipere</span> <span class='ocrx_word' id='word_1_151' title='bbox 1059 1979 1079 2008; x_wconf 89' lang='lat'>,</span> <span class='ocrx_word' id='word_1_152' title='bbox 1105 1952 1278 2017; x_wconf 75' lang='lat' dir='ltr'>atque</span> <span class='ocrx_word' id='word_1_153' title='bbox 1298 1933 1598 2016; x_wconf 81' lang='lat' dir='ltr'>profiteri,</span> <span class='ocrx_word' id='word_1_154' title='bbox 1624 1933 1684 1996; x_wconf 88' lang='lat' dir='ltr'>se</span> <span class='ocrx_word' id='word_1_155' title='bbox 1706 1872 1820 1996; x_wconf 53' lang='lat' dir='ltr'>effi}</span> <span class='ocrx_word' id='word_1_156' title='bbox 1834 1977 1859 2010; x_wconf 88' lang='lat'>,</span> 
     </span>
     <span class='ocr_line' id='line_1_22' title="bbox 483 2015 1861 2090; baseline 0.001 -16"><span class='ocrx_word' id='word_1_157' title='bbox 483 2016 757 2085; x_wconf 72' lang='lat' dir='ltr'>omnibus</span> <span class='ocrx_word' id='word_1_158' title='bbox 785 2015 1119 2090; x_wconf 85' lang='lat' dir='ltr'>silentibus,</span> <span class='ocrx_word' id='word_1_159' title='bbox 1155 2036 1335 2075; x_wconf 84' lang='lat' dir='ltr'>unum</span> <span class='ocrx_word' id='word_1_160' title='bbox 1359 2018 1625 2079; x_wconf 86' lang='lat' dir='ltr'>maximis</span> <span class='ocrx_word' id='word_1_161' title='bbox 1653 2016 1727 2079; x_wconf 90' lang='lat' dir='ltr'>de</span> <span class='ocrx_word' id='word_1_162' title='bbox 1757 2036 1861 2081; x_wconf 79' lang='lat' dir='ltr'>re-</span> 
     </span>
     <span class='ocr_line' id='line_1_23' title="bbox 486 2095 1860 2179; baseline 0.001 -24"><span class='ocrx_word' id='word_1_163' title='bbox 486 2097 595 2170; x_wconf 77' lang='lat' dir='ltr'>bus</span> <span class='ocrx_word' id='word_1_164' title='bbox 619 2141 639 2170; x_wconf 86' lang='lat'><strong>,</strong></span> <span class='ocrx_word' id='word_1_165' title='bbox 678 2116 893 2179; x_wconf 87' lang='lat' dir='ltr'>magno</span> <span class='ocrx_word' id='word_1_166' title='bbox 923 2095 987 2154; x_wconf 84' lang='lat' dir='ltr'>in</span> <span class='ocrx_word' id='word_1_167' title='bbox 1021 2112 1320 2158; x_wconf 82' lang='lat' dir='ltr'>conventu</span> <span class='ocrx_word' id='word_1_168' title='bbox 1359 2095 1668 2159; x_wconf 84' lang='lat' dir='ltr'>hominum</span> <span class='ocrx_word' id='word_1_169' title='bbox 1687 2141 1709 2171; x_wconf 91' lang='lat'><strong>,</strong></span> <span class='ocrx_word' id='word_1_170' title='bbox 1753 2118 1860 2157; x_wconf 89' lang='lat' dir='ltr'>au-</span> 
     </span>
     <span class='ocr_line' id='line_1_24' title="bbox 484 2173 1858 2258; baseline -0.001 -17"><span class='ocrx_word' id='word_1_171' title='bbox 484 2176 787 2243; x_wconf 81' lang='lat' dir='ltr'>diendum.</span> <span class='ocrx_word' id='word_1_172' title='bbox 850 2173 1036 2247; x_wconf 81' lang='lat' dir='ltr'>Adest</span> <span class='ocrx_word' id='word_1_173' title='bbox 1082 2178 1239 2237; x_wconf 88' lang='lat' dir='ltr'>enim</span> <span class='ocrx_word' id='word_1_174' title='bbox 1282 2175 1405 2236; x_wconf 73' lang='lat' dir='ltr'>fere</span> <span class='ocrx_word' id='word_1_175' title='bbox 1445 2198 1627 2239; x_wconf 86' lang='lat' dir='ltr'>nemo</span> <span class='ocrx_word' id='word_1_176' title='bbox 1650 2222 1670 2251; x_wconf 90' lang='lat'>,</span> <span class='ocrx_word' id='word_1_177' title='bbox 1715 2179 1858 2258; x_wconf 77' lang='lat' dir='ltr'>quin&#39;</span> 
     </span>
     <span class='ocr_line' id='line_1_25' title="bbox 481 2254 1856 2340; baseline 0.001 -23"><span class='ocrx_word' id='word_1_178' title='bbox 481 2254 703 2329; x_wconf 53' lang='lat' dir='ltr'>§eutius</span> <span class='ocrx_word' id='word_1_179' title='bbox 718 2302 738 2332; x_wconf 92' lang='lat'>‚</span> <span class='ocrx_word' id='word_1_180' title='bbox 750 2273 934 2338; x_wconf 80' lang='lat' dir='ltr'>,atque</span> <span class='ocrx_word' id='word_1_181' title='bbox 949 2259 1139 2318; x_wconf 66' lang='lat' dir='ltr'>acrius</span> <span class='ocrx_word' id='word_1_182' title='bbox 1162 2258 1301 2318; x_wconf 87' lang='lat' dir='ltr'>vitia</span> <span class='ocrx_word' id='word_1_183' title='bbox 1322 2259 1382 2319; x_wconf 86' lang='lat' dir='ltr'>in</span> <span class='ocrx_word' id='word_1_184' title='bbox 1398 2257 1653 2332; x_wconf 86' lang='lat' dir='ltr'>dicente,</span> <span class='ocrx_word' id='word_1_185' title='bbox 1677 2257 1856 2340; x_wconf 65' lang='lat' dir='ltr'>quam</span> 
     </span>
     <span class='ocr_line' id='line_1_26' title="bbox 484 2335 1860 2421; baseline 0 -23"><span class='ocrx_word' id='word_1_186' title='bbox 484 2338 641 2411; x_wconf 63' lang='lat' dir='ltr'>teEka</span> <span class='ocrx_word' id='word_1_187' title='bbox 681 2337 902 2398; x_wconf 84' lang='lat' dir='ltr'>videat.</span> <span class='ocrx_word' id='word_1_188' title='bbox 975 2335 1062 2397; x_wconf 87' lang='lat' dir='ltr'>Ita</span> <span class='ocrx_word' id='word_1_189' title='bbox 1089 2382 1108 2411; x_wconf 89' lang='lat'>,</span> <span class='ocrx_word' id='word_1_190' title='bbox 1145 2338 1430 2421; x_wconf 84' lang='lat' dir='ltr'>quidquid</span> <span class='ocrx_word' id='word_1_191' title='bbox 1466 2336 1589 2413; x_wconf 89' lang='lat' dir='ltr'>est,</span> <span class='ocrx_word' id='word_1_192' title='bbox 1631 2341 1690 2398; x_wconf 89' lang='lat' dir='ltr'>in</span> <span class='ocrx_word' id='word_1_193' title='bbox 1732 2359 1860 2421; x_wconf 82' lang='lat' dir='ltr'>quo</span> 
     </span>
     <span class='ocr_line' id='line_1_27' title="bbox 485 2416 1858 2503; baseline 0 -24"><span class='ocrx_word' id='word_1_194' title='bbox 485 2416 800 2479; x_wconf 88' lang='lat' dir='ltr'>offenditur</span> <span class='ocrx_word' id='word_1_195' title='bbox 831 2463 851 2491; x_wconf 93' lang='lat'>‚</span> <span class='ocrx_word' id='word_1_196' title='bbox 894 2416 959 2477; x_wconf 77' lang='lat' dir='ltr'>id</span> <span class='ocrx_word' id='word_1_197' title='bbox 993 2418 1172 2479; x_wconf 85' lang='lat' dir='ltr'>etiam</span> <span class='ocrx_word' id='word_1_198' title='bbox 1210 2417 1309 2479; x_wconf 84' lang='lat' dir='ltr'>illa</span> <span class='ocrx_word' id='word_1_199' title='bbox 1331 2464 1355 2492; x_wconf 88' lang='lat'><em>,</em></span> <span class='ocrx_word' id='word_1_200' title='bbox 1402 2441 1532 2503; x_wconf 80' lang='lat' dir='ltr'>quae</span> <span class='ocrx_word' id='word_1_201' title='bbox 1563 2419 1858 2489; x_wconf 63' lang='lat' dir='ltr'>laudanda</span> 
     </span>
     <span class='ocr_line' id='line_1_28' title="bbox 478 2498 1696 2572; baseline 0.001 -14"><span class='ocrx_word' id='word_1_202' title='bbox 478 2498 608 2567; x_wconf 68' lang='lat' dir='ltr'>sunt</span> <span class='ocrx_word' id='word_1_203' title='bbox 626 2543 645 2572; x_wconf 90' lang='lat'>,</span> <span class='ocrx_word' id='word_1_204' title='bbox 674 2499 893 2558; x_wconf 82' lang='lat' dir='ltr'>obruit.</span> <span class='ocrx_word' id='word_1_205' title='bbox 1177 2527 1187 2531; x_wconf 90' lang='lat'>·</span> <span class='ocrx_word' id='word_1_206' title='bbox 1445 2538 1450 2543; x_wconf 91' lang='lat'><em>-</em></span> <span class='ocrx_word' id='word_1_207' title='bbox 1689 2500 1696 2507; x_wconf 77' lang='grc'><strong>’</strong></span> 
     </span>
    </p>

    <p class='ocr_par' dir='ltr' id='par_1_5' title="bbox 485 2573 1860 2907">
     <span class='ocr_line' id='line_1_29' title="bbox 490 2573 1860 2662; baseline -0.002 -19"><span class='ocrx_word' id='word_1_208' title='bbox 490 2576 497 2643; x_wconf 39' lang='lat' dir='ltr'>j</span> <span class='ocrx_word' id='word_1_209' title='bbox 577 2599 602 2638; x_wconf 92' lang='lat'>1</span> <span class='ocrx_word' id='word_1_210' title='bbox 619 2573 712 2657; x_wconf 74' lang='lat'>17.</span> <span class='ocrx_word' id='word_1_211' title='bbox 753 2577 966 2662; x_wconf 89' lang='lat' dir='ltr'>Neque</span> <span class='ocrx_word' id='word_1_212' title='bbox 989 2577 1115 2640; x_wconf 84' lang='lat' dir='ltr'>haec</span> <span class='ocrx_word' id='word_1_213' title='bbox 1142 2581 1201 2640; x_wconf 90' lang='lat' dir='ltr'>in</span> <span class='ocrx_word' id='word_1_214' title='bbox 1224 2600 1355 2643; x_wconf 86' lang='lat' dir='ltr'>eam</span> <span class='ocrx_word' id='word_1_215' title='bbox 1373 2578 1720 2642; x_wconf 87' lang='lat' dir='ltr'>sententiam</span> <span class='ocrx_word' id='word_1_216' title='bbox 1744 2581 1860 2641; x_wconf 85' lang='lat' dir='ltr'>dis·</span> 
     </span>
     <span class='ocr_line' id='line_1_30' title="bbox 485 2658 1858 2747; baseline 0 -24"><span class='ocrx_word' id='word_1_217' title='bbox 485 2658 675 2747; x_wconf 67' lang='lat' dir='ltr'>putO,</span> <span class='ocrx_word' id='word_1_218' title='bbox 722 2676 786 2720; x_wconf 90' lang='lat' dir='ltr'>ut</span> <span class='ocrx_word' id='word_1_219' title='bbox 838 2660 1108 2722; x_wconf 85' lang='lat' dir='ltr'>homines</span> <span class='ocrx_word' id='word_1_220' title='bbox 1144 2659 1541 2723; x_wconf 88' lang='lat' dir='ltr'>adolescentes</span> <span class='ocrx_word' id='word_1_221' title='bbox 1567 2706 1587 2737; x_wconf 90' lang='lat'>‚</span> <span class='ocrx_word' id='word_1_222' title='bbox 1628 2664 1674 2721; x_wconf 92' lang='lat' dir='ltr'>si</span> <span class='ocrx_word' id='word_1_223' title='bbox 1714 2660 1858 2745; x_wconf 87' lang='lat' dir='ltr'>quid</span> 
     </span>
     <span class='ocr_line' id='line_1_31' title="bbox 487 2739 1860 2817; baseline -0.001 -15"><span class='ocrx_word' id='word_1_224' title='bbox 487 2740 747 2803; x_wconf 89' lang='lat' dir='ltr'>naturale</span> <span class='ocrx_word' id='word_1_225' title='bbox 777 2739 929 2802; x_wconf 72' lang='lat' dir='ltr'>forte</span> <span class='ocrx_word' id='word_1_226' title='bbox 951 2762 1073 2802; x_wconf 89' lang='lat' dir='ltr'>non</span> <span class='ocrx_word' id='word_1_227' title='bbox 1100 2742 1353 2805; x_wconf 82' lang='lat' dir='ltr'>habeant</span> <span class='ocrx_word' id='word_1_228' title='bbox 1376 2786 1396 2817; x_wconf 91' lang='lat'>‚</span> <span class='ocrx_word' id='word_1_229' title='bbox 1430 2743 1675 2804; x_wconf 87' lang='lat' dir='ltr'>omnino</span> <span class='ocrx_word' id='word_1_230' title='bbox 1707 2765 1743 2803; x_wconf 86' lang='lat' dir='ltr'>a</span> <span class='ocrx_word' id='word_1_231' title='bbox 1770 2743 1860 2802; x_wconf 85' lang='lat' dir='ltr'>di-</span> 
     </span>
     <span class='ocr_line' id='line_1_32' title="bbox 486 2820 1860 2907; baseline -0.001 -20"><span class='ocrx_word' id='word_1_232' title='bbox 486 2824 662 2907; x_wconf 68' lang='lat' dir='ltr'>cendi</span> <span class='ocrx_word' id='word_1_233' title='bbox 695 2820 894 2886; x_wconf 68' lang='lat' dir='ltr'>,studio</span> <span class='ocrx_word' id='word_1_234' title='bbox 940 2822 1292 2887; x_wconf 84' lang='lat' dir='ltr'>deterream.</span> <span class='ocrx_word' id='word_1_235' title='bbox 1349 2821 1505 2907; x_wconf 86' lang='lat' dir='ltr'>Quis</span> <span class='ocrx_word' id='word_1_236' title='bbox 1536 2825 1694 2886; x_wconf 85' lang='lat' dir='ltr'>enim</span> <span class='ocrx_word' id='word_1_237' title='bbox 1733 2844 1860 2886; x_wconf 86' lang='lat' dir='ltr'>non</span> 
     </span>
    </p>
   </div>
   <div class='ocr_carea' id='block_1_3' title="bbox 2000 18 2012 2353">
    <p class='ocr_par' dir='ltr' id='par_1_6' title="bbox 2000 18 2012 2353">
     <span class='ocr_line' id='line_1_33' title="bbox 2000 18 2012 2353; baseline 0 0"><span class='ocrx_word' id='word_1_238' title='bbox 2000 18 2012 2353; x_wconf 95' lang='lat' dir='ltr'> </span> 
     </span>
    </p>
   </div>
  </div>
 </body>
</html>
