2017 3634
517 274 665 344 lt
718 292 981 344 aaa
1072 250 1527 373 [1:557

137 384 285 470 quid
314 386 392 449 sit
418 388 516 451 lex
533 436 560 485 ‚-
578 389 715 472 quid
735 393 810 450 sir
829 393 1050 452 civitas.
1093 391 1160 455 In
1180 393 1388 475 quibus
1409 395 1534 455 hoc

141 472 416 552 praecipit
461 488 606 531 rano
642 489 817 553 atque
854 472 1152 548 ἀοᾶτίηει,
1184 492 1248 534 ut
1275 478 1365 537 vis
1402 474 1532 555 ejus

139 553 266 624 rei,
295 572 480 691 ripam
507 551 777 626 definiaS,
811 555 889 612 sic
919 557 1273 634 exprimatur
1294 602 1312 631 ,
1338 573 1401 616 ut
1425 576 1532 618 ne-

141 651 265 713 que
283 654 318 691 a
364 634 441 693 sit
464 633 781 715 quidquam
798 677 819 706 ,
848 653 1047 714 neque
1060 635 1320 716 supersit.

235 730 380 791 109.
426 712 613 792 Quod
642 714 882 796 quidem
913 715 974 773 in
1012 714 1109 774 illa
1140 715 1302 776 causa
1334 737 1534 800 neque

144 791 444 874 Sulpicius
458 793 647 875 fecit,
686 814 1046 876 nequeego,
1076 794 1270 857 facere
1292 815 1530 858 conatus

143 873 293 935 sum.
340 872 546 948 Nam,⁸
576 877 1130 957 quantumuterque
1145 874 1406 939 nostrum
1426 898 1535 961 po-

144 958 254 1017 tui-t
279 998 305 1029 ‚
352 959 518 1016 omni
557 955 731 1036 copia
768 955 997 1016 dicendi
1039 957 1298 1020 dilatavit
1320 1003 1340 1033 ,
1470 958 1534 1019 id

145 1033 293 1098 ess'et
322 1033 687 1113 majestatem
718 1039 998 1097 minuere.
1051 1036 1285 1100 Etenim
1320 1039 1371 1099 d‘
1478 1042 1529 1099 i-

1432 1136 1534 1182 affl

20 1172 23 1181 .
143 1119 231 1178 tio
279 1119 545 1198 primum
576 1117 925 1198 reprehenso
974 1120 1165 1180 verbo
1193 1141 1323 1181 uno
1353 1160 1374 1194 ‚
1423 1142 1436 1163 f

148 1199 359 1260 addito
380 1244 401 1273 ‚
443 1215 544 1259 aut
574 1198 819 1280 dempto
841 1244 861 1272 ‚
895 1198 1044 1280 saepe
1083 1217 1460 1283 extorquetur
1494 1221 1531 1263 e

149 1280 423 1341 manibus
464 1300 480 1339 :
536 1279 752 1341 deinde
797 1299 1012 1361 genere
1047 1280 1174 1362 ipso
1210 1281 1533 1343 doffiimm

149 1361 388 1422 redolet
411 1405 433 1435 ,
487 1362 1080 1441 exercitationemque
1130 1382 1286 1442 pene
1326 1364 1533 1452 p'ueri-

152 1442 306 1503 lem:
341 1459 471 1502 tum
497 1444 557 1501 in
577 1440 795 1503 sensum
813 1486 833 1515 ,
867 1442 932 1501 &
958 1445 1022 1500 in
1043 1463 1306 1503 mentem
1325 1442 1532 1520 judicis

154 1525 373 1585 intrare
402 1544 527 1585 non
546 1521 766 1604 potest.
820 1522 982 1583 Ante
1002 1524 1159 1582 enim
1179 1522 1539 1603 praeterlabi-

152 1620 263 1678 tur,
326 1604 472 1665 uam.
490 1600 892 1686 perceptaest.
952 1656 959 1661 .
998 1656 1005 1661 .
1037 1656 1068 1662 ..
1221 1650 1236 1659 -
1363 1626 1374 1633 ·
1517 1650 1526 1659 .

352 1683 471 1747 VI.
522 1684 639 1746 Sed
675 1687 736 1745 in
789 1704 866 1746 eo
894 1704 1146 1766 zgenere
1179 1729 1212 1760 ,,
1259 1684 1321 1744 in
1365 1704 1530 1767 quo,

150 1767 319 1847 quale
356 1770 432 1827 sit
465 1766 606 1848 quid
631 1811 662 1841 ,.
694 1767 1005 1848 ambigitur
1027 1811 1046 1839 ‚
1085 1763 1311 1835 ,exsistit
1349 1768 1529 1831 etiam

152 1867 226 1907 ex
259 1847 455 1929 scripti
482 1844 1153 1928 interpretationersaepe
1187 1849 1556 1921 contenti03„

152 1929 211 1987 in
236 1950 355 2010 quo
376 1929 538 1988 nulla
562 1926 754 2009 potest
783 1926 937 2002 effe,
968 1930 1078 1988 nisi
1104 1948 1179 1988 ex
1213 1929 1489 2012 ambiguo
1508 1972 1530 2003 ,

157 2012 581 2071 controversia.
655 2007 810 2071 Nam
863 2007 1004 2069 illud
1052 2008 1233 2089 ipfism
1262 2053 1286 2082 ,
1345 2014 1528 2093 quum

153 2088 420 2171 scriptum
440 2114 475 2150 a
498 2089 775 2150 sententia
801 2088 1086 2170 discrepat
1102 2134 1122 2163 ‚
1147 2109 1326 2171 genus
1344 2089 1530 2171 quod:

155 2169 284 2230 dam
321 2171 506 2233 habet
557 2172 850 2254 ambigui:
907 2168 1074 2250 quod
1102 2185 1228 2229 tum
1269 2170 1531 2251 explica-

150 2267 284 2326 tur,
371 2273 510 2315 uum
555 2272 626 2312 ea
670 2251 893 2321 verba,
933 2270 1060 2330 quae
1100 2248 1300 2309 desunt
1324 2294 1347 2320 ,
1396 2249 1528 2332 sug*

154 2330 308 2414 gesta
326 2274 498 2395 sunt:
536 2334 739 2413 quibus
767 2330 976 2393 additis
1004 2328 1372 2401 defenditur,
1400 2329 1531 2391 sen·

153 2417 398 2477 tentiam
445 2412 633 2494 scripti
671 2413 1030 2494 perspicuam
1066 2407 1235 2475 fuisse.
1266 2430 1283 2470 ε
1327 2411 1412 2472 -&
1454 2431 1529 2473 ex

156 2497 458 2563 contrariis
495 2494 715 2576 scriptis
749 2497 803 2555 si
832 2492 970 2574 quid
1004 2492 1314 2574 ambigitur
1339 2537 1360 2566 ,
1402 2513 1529 2555 non

154 2596 379 2639 novum
414 2595 597 2658 genus
632 2572 915 2647 nascitur,
954 2573 1056 2634 sed
1081 2571 1388 2654 superioris
1422 2592 1533 2655 ge-

131 2659 302 2717 'neris
351 2655 515 2719 causa
564 2654 913 2735 duplicatur.
979 2651 1184 2733 Itaque
1229 2670 1326 2713 aut
1354 2674 1533 2712 num-

154 2757 327 2816 quam
365 2735 667 2816 dijudicari
692 2734 948 2817 poterit,
988 2748 1088 2791 aut
1123 2735 1204 2791 ita
1238 2729 1527 2815 dijudica-7

150 2816 306 2881 bitur
325 2861 347 2893 ,
387 2835 456 2881 ut
487 2815 807 2881 referendis
845 2814 1153 2898 praeteritis
1190 2812 1439 2890 verbis,
1465 2811 1542 2873 id.
