2017 3634
425 312 647 384 ORA
683 331 731 384 1·
763 336 969 388 ozi-1
993 336 1221 392 Bvs.
1345 320 1554 415 401'

116 426 566 492 adolescentulo
602 430 657 493 se
694 432 994 509 accidisse,
1034 454 1100 496 ut
1140 456 1215 505 ex
1247 435 1513 498 senatus·

117 512 398 573 consulto
426 511 491 574 Ρ.
525 511 722 594 Scipio
758 515 824 575 &
855 513 943 575 D.
985 516 1195 579 Brutus
1214 562 1239 591 ,
1271 535 1336 578 ut
1371 519 1506 600 opi·

115 615 282 668 nor,
339 592 600 655 consules
646 595 723 655 de
768 615 833 657 re
879 601 1064 658 atroci
1101 644 1121 673 ,
1175 619 1510 682 magnaque

116 691 474 756 quaererent.
529 674 685 736 Nam
723 696 903 756 quum
941 680 1002 737 in
1032 680 1181 742 silva-
1210 680 1332 741 Sila
1356 680 1510 742 faeta

116 756 322 816 caedes
364 754 544 830 esset,
594 758 839 838 notique
871 758 1141 820 homines
1179 762 1458 823 interfefii
1485 782 1512 837 ;

112 836 667 918 insimulareturque
698 837 914 900 familia
933 886 955 914 ‚
986 844 1200 922 partim
1232 845 1406 902 etiam
1433 843 1507 902 li·

116 918 252 978 beri
273 916 562 980 societatis
583 917 742 998 ejus,
764 940 890 1001 quae
952 924 1151 982 icat-ias
1173 922 1246 982 de
1272 922 1337 983 P.
1361 920 1510 984 Cor·-

114 1000 287 1059 nelio
309 1043 330 1072 ,
368 998 438 1059 L.
465 999 761 1060 Mummio
780 1021 891 1062 cen
958 1004 1112 1064 ribus
1140 1002 1514 1080 redemiffet‘,

121 1078 448 1142 decrevisse
472 1080 764 1156 senatum,
798 1099 862 1142 ut
896 1084 971 1145 de
992 1104 1064 1145 ea
1089 1102 1164 1146 re·
1190 1084 1510 1168 cognosce·

118 1179 261 1224 rent
298 1162 367 1222 &
390 1158 698 1224 statuerent
731 1163 1022 1226 consules.

209 1241 315 1304 86.
361 1240 610 1303 Causam
663 1266 775 1326 pro
823 1246 1144 1326 publicanis
1198 1249 1461 1309 accurate
1485 1293 1516 1323 ,

121 1340 190 1384 ut
232 1323 468 1405 semper
499 1322 692 1385 solitus
732 1323 915 1398 effet,
969 1328 1383 1410 eleganterque
1421 1329 1513 1389 di-

124 1402 273 1466 xisse
306 1404 568 1465 Laelium.
609 1406 814 1485 Quum
849 1407 1107 1469 consules
1129 1453 1147 1483 ‚
1181 1430 1245 1470 re
1279 1411 1520 1484 audita,

126 1488 379 1569 amplius
415 1486 487 1547 de
511 1488 733 1548 consilii
767 1486 1053 1549 sententia
1086 1492 1515 1571 pronuntiavis-
1607 1514 1618 1524 ·

125 1566 260 1629 sent
282 1589 300 1638 3
338 1570 531 1648 paucis
553 1570 904 1651 interpositis
927 1569 1130 1630 diebus
1154 1572 1363 1630 iterum
1386 1570 1524 1633 Lae-

124 1648 276 1709 lium
309 1649 494 1709 multb
526 1650 851 1731 diligentius
872 1695 900 1724 ,
929 1650 1143 1711 melius
1172 1671 1245 1712 ue
1274 1650 1468 1713 dixisse
1487 1697 1518 1730 ,

123 1731 462 1812 iterumque
494 1731 715 1793 eodem
748 1732 933 1801 modo
954 1755 989 1792 a
1022 1752 1137 1793 eon
1161 1732 1347 1793 ulibus
1371 1752 1516 1794 -rem

130 1809 256 1874 effe
284 1813 594 1892 prolatam.
651 1811 809 1873 Tum
845 1813 1086 1875 Laelium
1108 1859 1128 1888 ,
1167 1834 1345 1899 quum
1374 1834 1512 1877 eum

126 1892 279 1954 socii
305 1893 548 1953 domum
579 1892 927 1956 reduxissent
947 1941 966 1970 ,
1005 1894 1361 1982 egiffentque
1386 1917 1523 1980 gra-

124 1976 288 2046 tim,
326 1974 429 2048 &‚
465 1994 543 2035 ne
566 1974 1012 2058 defatigaretur,
1048 1975 1389 2052 oravissent,
1425 1968 1518 2039 l'o-

133 2070 344 2116 cutum
384 2053 497 2116 esse
529 2058 608 2116 ita
628 2101 648 2129 ,
686 2055 744 2125 se
767 2103 786 2132 ,
817 2080 946 2139 quae
972 2057 1193 2120 feciss'et
1216 2105 1235 2132 ‚
1272 2060 1515 2120 honoris

130 2156 354 2198 eorum
392 2136 564 2201 causa
593 2182 617 2211 ‚,
658 2134 909 2198 studiose
933 2184 952 2211 ‚
998 2139 1380 2220 accurateque
1419 2138 1524 2201 fe-

133 2214 324 2287 eiffe3
357 2215 455 2277 sed
483 2218 853 2292 searbitrari,
887 2218 1115 2278 causam
1134 2220 1292 2279 illam
1313 2242 1350 2279 a
1385 2219 1519 2282 Sef-

135 2296 346 2360 Galba
365 2342 384 2369 ‚
421 2298 579 2380 quod
615 2302 665 2359 is
691 2300 751 2360 in
779 2299 1034 2360 dicendo
1069 2298 1292 2361 fortior*
1314 2298 1529 2363 actions

178 2398 265 2445 ue
309 2377 446 2440 effer
467 2424 488 2451 ‚
536 2382 765 2462 gravius
804 2380 869 2440 &
908 2380 1318 2441 vehementius
1357 2379 1519 2462 posse

131 2401 409 2520 gefendi.
462 2457 550 2520 Ita
630 2481 664 2522 e
707 2460 1058 2526 austun-itate·
1093 2460 1172 2522 C.
1217 2461 1375 2522 Laelii
1403 2484 1524 2545 pu-

133 2541 413 2605 blicanos
444 2563 549 2601 cau
574 2563 665 2607 am
696 2541 961 2605 detuliss'e
978 2544 1054 2604 ad
1080 2541 1355 2604 Galbam.

231 2621 334 2698 87.
376 2620 547 2691 Illum
585 2640 781 2684 autem
806 2667 826 2697 ‚
870 2624 1032 2702 qubd
1066 2627 1119 2684 ei
1153 2626 1284 2684 viro
1327 2625 1525 2684 succe·

136 2702 415 2772 dendum
434 2701 575 2771 effet
593 2749 614 2779 ‚
636 2704 971 2767 verecunde
1005 2705 1072 2765 ὃ(
1089 2704 1416 2771 dubitanter
1432 2724 1528 2764 re-

134 2782 360 2865 cepisse
393 2805 408 2844 :
465 2805 645 2845 unum
665 2831 684 2859 ‚
759 2787 879 2845 nasi
903 2785 1484 2866 comperendinatum
1500 2829 1536 2858 ,„

137 2865 416 2935 medinm
439 2865 597 2937 diem
625 2865 700 2939 fiu‘
752 2887 784 2930 e
802 2912 829 2942 ,
855 2886 1044 2952 quem
1053 2882 1247 2931 totum
1265 2864 1537 2931 Galbam
