2017 3634
525 288 1208 381 LIBEQHI.
1406 309 1557 383 317

269 419 411 462 ηπ.
431 430 436 439 ¹
453 401 625 463 Hanc
654 403 731 464 ad
758 403 1235 467 consuetudinem
1271 406 1562 465 exercita-

179 483 358 543 tionis
398 505 554 558 vos,
594 484 988 547 adolescentes
1015 533 1036 562 ,
1083 484 1167 546 est
1215 485 1559 557 cohortatus

179 564 482 624 Antonius
498 609 517 638 ‚
539 581 711 646 atque
733 588 768 626 a
785 569 1017 627 minutis
1038 566 1391 650 angustisque
1411 589 1560 628 cone·

181 645 602 706 certationibus
627 646 701 706 ad
728 667 969 709 omnem
987 650 1110 709 vim
1127 694 1147 723 ,
1176 651 1565 709 varietatem·

181 746 298 804 que
356 747 471 788 vos
520 725 822 788 disserendi
871 728 1259 788 traducendos
1310 733 1556 809 putavit&

181 805 390 886 Quare
439 829 563 867 non
606 806 688 867 est
718 829 1036 888 paucorum
1076 808 1402 870 libellorum
1437 811 1554 870 hoc

180 908 429 961 munus,
483 904 547 947 ut
583 889 623 947 ii
642 933 665 959 ‚
702 891 798 970 qui
830 887 1168 971 scripserunt
1204 891 1279 950 de
1327 888 1558 950 dicendi

177 971 414 1028 ratione
432 1013 454 1039 ,
489 969 746 1029 arbitrati
775 969 899 1030 sunt
917 1015 936 1045 ,
981 991 1173 1052 neque
1210 968 1555 1045 Tusculani,

179 1067 358 1130 atque
397 1047 580 1127 hujus
602 1051 1003 1111 ambulationis
1047 1051 1514 1113 antemeridianae
1533 1098 1554 1127 ,

173 1148 280 1189 aut
325 1127 544 1208 nostra
579 1132 1003 1212 spomeridianae
1054 1132 1338 1194 sessionis.
1408 1131 1552 1193 Non

179 1210 341 1268 enim
367 1209 553 1270 solum
586 1212 842 1272 acuenda
867 1214 1077 1289 nobiS,
1119 1234 1312 1296 neque
1350 1230 1556 1294 procu-

179 1289 380 1351 denda
408 1291 601 1374 lin'gua
637 1292 760 1366 est3
808 1293 908 1353 sed
948 1296 1309 1355 onerandum
1331 1338 1352 1367 ,
1381 1315 1555 1355 com-

175 1370 577 1452 plendumque
651 1372 810 1433 eftus-
842 1376 1214 1434 maximarum
1255 1394 1450 1434 rerum
1485 1375 1554 1434 δὲ
1632 1440 1636 1445 ,

179 1451 553 1532 plurimarum
608 1456 896 1528 navitate,
929 1455 1139 1536 copia,
1168 1455 1472 1517 varietate.
1536 1488 1543 1505 v

261 1531 489 1607 XXXI.
533 1532 746 1595 Nostra
777 1532 858 1596 est
902 1538 1058 1596 enim
1104 1542 1133 1611 (
1147 1538 1194 1594 si
1226 1534 1411 1594 modo
1439 1556 1550 1596 nos

180 1629 450 1675 oratores
475 1614 665 1675 sumus
690 1661 709 1690 ‚
739 1618 800 1674 ‚si
830 1618 1136 1677 in÷civium
1170 1614 1552 1696 disceptatio-

175 1693 392 1765 nibus,
434 1695 481 1753 si
513 1696 903 1776 inoperimus,
942 1699 994 1757 si
1024 1698 1084 1756 in
1116 1696 1552 1758 deliberationi*

176 1771 283 1834 bus
360 1774 559 1835 ublicis
593 1775 906 1838 adhibendi
940 1777 1202 1838 auctores
1239 1778 1304 1837 &
1337 1779 1551 1858 princi-¹·

177 1873 285 1934 pes
332 1860 541 1929 umus)
570 1855 760 1925 nostra
787 1856 897 1932 est,
926 1860 1161 1941 inquam
1183 1903 1203 1931 ‚
1236 1860 1427 1919 omnis
1445 1858 1548 1920 ista

219 1935 500 1996 rudentiae
513 1981 533 2010 ‚
551 1937 937 2020 doElrinaeque
958 1938 1234 2021 possessio
1248 1985 1271 2012 ,
1290 1941 1350 1999 in
1369 1960 1545 2022 quam

216 2021 444 2080 omines
467 2062 486 2090 ‚
530 2021 693 2099 quasi
729 2021 1006 2080 caducam
1045 2038 1217 2103 atque
1257 2043 1543 2097 vacuam,

172 2096 534 2158 abundantes
570 2102 694 2160 otio
720 2145 741 2174 ‚
784 2102 958 2160 nobis
996 2102 1332 2183 occupatis»,
1371 2104 1548 2162 invo-

172 2175 485 2251 laverunt3
513 2197 697 2260 ⁴atque
727 2183 903 2241 etiarn
942 2198 1038 2239 aut
1069 2181 1369 2243 irridentes
1405 2204 1546 2242 ora-

168 2273 407 2331 torem,
444 2275 507 2319 ut
531 2260 632 2320 ille
663 2263 721 2321 in
749 2259 977 2342 Gorgia
1010 2260 1279 2321 Socrates
1303 2306 1322 2336 ,
1363 2262 1548 2321 cavil-

170 2338 359 2401 lantut
380 2384 400 2412 ‚
438 2352 544 2401 aut:
565 2340 642 2400 ali,
679 2341 777 2401 uid
812 2342 887 2402 de
915 2345 1161 2401 oratoris
1190 2357 1311 2402 arte
1344 2346 1542 2422 paucis

212 2421 514 2500 raecipiunt
539 2422 653 2483 libe
697 2425 778 2497 is,
811 2420 1025 2506 eo'fque
1048 2425 1336 2483 rhetoricos
1355 2422 1545 2484 inscri-

135 2550 141 2555 .
210 2516 314 2565 unt
332 2521 366 2574 ;.
386 2504 545 2582 quasi
559 2524 692 2567 non,
701 2504 796 2563 illa
819 2507 928 2565 sint
947 2507 1182 2587 propria
1201 2503 1500 2577 rhetorum
1519 2551 1540 2580 ‚

132 2630 138 2636 .
169 2602 296 2662 quae
329 2581 405 2641 ab
437 2572 638 2643 iisdem
677 2584 752 2645 de
784 2581 1031 2663 justitia,
1072 2586 1147 2646 de
1183 2583 1379 2645 officio
1403 2630 1422 2659 ‚
1464 2584 1538 2645 de

128 2712 134 2718 .
168 2660 500 2723 civitatibus
553 2662 912 2725 instituendis
965 2666 1032 2725 &
1085 2665 1354 2746 regendis
1389 2710 1409 2737 ‚
1462 2664 1537 2737 de

165 2744 336 2807 omni
371 2744 653 2819 vivendi,
705 2745 956 2829 denique
1001 2746 1179 2807 etiam
1217 2744 1291 2806 de
1324 2761 1539 2807 naturae

162 2826 392 2889 ratione
419 2824 705 2889 dicuntur.
1064 2905 1127 2971 O
1524 2856 1530 2861 ·

1150 2927 1209 2988 ιι]
