2017 3634
625 318 1093 391 LIBER
1165 320 1314 391 IL·
1496 342 1640 422 171

238 456 315 503 ut
330 484 357 515 ff,
391 456 531 522 quae
547 438 661 498 sint
681 438 745 497 in
769 433 930 517 jure,
954 436 1057 497 'vel
1082 439 1253 500 acute
1283 435 1611 507 describere
1623 456 1660 522 ,'

246 523 353 583 vel
377 520 597 581 ornate
620 516 894 579 illustrare
928 519 1135 599 possit.
1186 519 1347 604 Ergo
1375 521 1512 600 ista,
1546 529 1647 586 in-

240 605 379 686 quit
432 601 736 662 Antonius
765 644 787 674 ,
831 616 959 659 tum
998 621 1033 660 a
1080 597 1283 663 Crasso
1326 602 1604 668 discemus
1625 648 1647 685 ,

249 704 447 766 quum
466 681 527 744 se
551 683 625 743 de
643 680 845 755 turba,
876 680 944 741 &
961 702 995 740 a
1015 679 1283 743 subselliis
1300 728 1320 757 ‚
1346 687 1405 744 in
1424 690 1646 767 otium,

248 783 314 827 ut
341 766 581 847 cogitat
597 807 618 838 ‚
647 762 974 843 soliumque
995 764 1325 824 contulerit.

343 864 489 920 144.
518 844 652 906 Jam
682 843 745 904 id
779 842 1023 926 quidem
1046 841 1115 904 sae
1161 864 1195 905 e
1213 889 1232 918 ‚
1260 846 1444 927 inquit
1461 845 1648 911 Catu-⁴

252 928 377 1001 lus,
406 947 489 987 ex
515 946 596 987 eo
624 924 821 985 audivi
840 968 860 999 ‚
1018 945 1074 984 m
1106 864 1359 1002 geel-et,
1394 929 1502 989 sibi
1526 951 1660 993 cer«

254 1026 383 1069 tum
406 1004 530 1069 effe
553 1028 587 1067 a
602 1003 829 1085 judiciis
849 1002 1139 1088 causisque
1161 1005 1489 1071 discedere:
1513 1010 1611 1074 sed
1624 1040 1658 1090 ,·

255 1087 319 1150 ut
358 1091 480 1172 ipsi
518 1087 687 1149 soleo
713 1086 968 1228 nicei-ie,
1012 1106 1133 1148 non
1160 1087 1378 1150 licebit.
1408 1089 1647 1188 ‘Neque

256 1168 1453 1334 ffiffiffissssssfflxss¹2¹msffiguffi
1471 1174 1645 1339 ἓξὲξ

256 1335 462 1394 animo
484 1331 642 1393 feret
662 1333 862 1392 civitas
886 1352 904 1391 ι
942 1352 1071 1414 quae
1105 1332 1154 1390 si
1176 1353 1330 1395 voce
1359 1333 1429 1397 L.
1451 1333 1650 1398 Crassi

266 1415 487 1477 carebit
509 1459 533 1489 ‚
585 1428 936 1474 ornamento
973 1412 1237 1494 quodam
1275 1413 1394 1477 sese
1429 1413 1650 1498 spolia·-

263 1513 383 1557 tam
402 1493 658 1577 putabit.
698 1492 854 1554 Nam
873 1493 1109 1565 hercle,
1129 1496 1189 1553 in
1231 1496 1312 1553 uit
1329 1494 1650 1572 Antonius,
1715 1562 1736 1583 ·

267 1579 315 1637 si
338 1577 469 1638 haec
496 1575 644 1637 vere
678 1597 714 1636 a
751 1573 971 1636 Catulo
1012 1571 1162 1634 dieta
1211 1588 1317 1635 unt
1337 1620 1356 1650 ,
1386 1576 1493 1637 tibi
1519 1598 1656 1640 me·

268 1678 398 1718 cum
418 1660 483 1718 in
506 1655 730 1719 eodem
758 1653 841 1717 est
872 1653 1112 1737 pistrino
1131 1699 1152 1730 ‚
1178 1652 1407 1731 Craffe,
1435 1660 1654 1721 viven-

267 1739 439 1800 dum:
473 1739 545 1800 &
567 1736 733 1798 istam
754 1736 1099 1798 oscitantem
1136 1737 1203 1798 &
1227 1735 1658 1804 dormitantem·

268 1819 604 1902 sapientiam
616 1861 642 1891 ,
665 1817 1060 1880 Scaevolarum
1081 1818 1146 1878 δι
1163 1835 1495 1881 ceterorum
1513 1822 1648 1885 bea-

270 1919 461 1963 torum
483 1902 614 1962 otio
632 1899 1050 1962 concedamus.
1075 1898 1284 1960 Arrisit
1298 1900 1396 1962 hic
1417 1901 1658 1968 Crass'us‘

270 1982 471 2045 leniter
491 2028 515 2057 ‚
555 1982 623 2044 &
642 2026 664 2055 ‚
700 1979 948 2042 Pertexe
981 1979 1168 2041 modb
1186 2025 1207 2055 ‚
1241 1983 1424 2064 inquit
1444 2029 1465 2057 ‚
1510 1983 1648 2047 An...

275 2067 428 2139 toni,
453 2062 622 2146 quod
650 2061 885 2123 exorsus
918 2081 1015 2123 es:
1049 2081 1146 2122 me
1164 2079 1362 2123 tamen
1380 2063 1481 2125 ista
1505 2065 1649 2128 osci-

277 2160 397 2205 tans
424 2145 710 2226 sapientia
729 2188 749 2218 ,
785 2142 952 2202 simul
974 2158 1150 2223 atque
1169 2142 1245 2203 ad
1271 2163 1403 2204 eam
1429 2147 1647 2208 confu-

280 2246 530 2368 g‘ffx‘Brx’
472 2222 1246 2387 inlii'iitffifflffigssiffii'
1267 2323 1445 2385 quem
1459 2307 1652 2371 mode,

627 2346 644 2365 ·
1235 2348 1256 2378 2

279 2384 389 2448 sum
429 2386 673 2450 exorsus
693 2431 713 2460 ‚
760 2387 855 2446 hic
896 2383 981 2446 est
1015 2382 1184 2457 finis,
1218 2386 1405 2467 inquit
1437 2386 1650 2451 Anto-'-

279 2471 429 2530 nius:
469 2469 756 2552 quoniam
791 2466 1159 2549 intelligitur,
1196 2487 1318 2528 non
1346 2469 1405 2528 in
1442 2469 1652 2534 homi-

278 2569 406 2611 uum
439 2547 956 2611 innumerabilibus
1003 2544 1263 2628 personis
1285 2592 1306 2622 ‚
1347 2570 1541 2633 neque
1581 2558 1645 2616 in

222 2664 223 2667 =
282 2629 487 2693 infinita
519 2648 861 2711 temporum
881 2630 1163 2690 varietate
1183 2673 1204 2701 ‚
1242 2620 1343 2688 sed
1376 2632 1436 2689 in
1465 2653 1649 2714 gene.

284 2730 397 2771 rum
421 2715 609 2774 causis
647 2726 819 2792 atque
864 2710 1079 2771 naturis
1111 2710 1310 2768 omnia
1345 2711 1451 2769 sita
1489 2711 1645 2791 effe,

228 2866 233 2873 Ι
289 2803 399 2871 quae
423 2797 485 2854 in
512 2793 760 2873 dubium
780 2807 1168 2852 vocarentur:
1206 2808 1419 2871 genera
1449 2811 1647 2859 autem

289 2870 386 2936 effe
408 2873 650 2938 definita
670 2894 797 2936 uon
811 2871 999 2935 foliam
1032 2888 1327 3014 “umeffz
1348 2870 1448 2935 se'd
1465 2879 1645 2944 etiam

1288 2971 1330 3034 ¹1
