2017 3634
441 241 604 339 '536
706 239 860 310 Da
932 255 1565 312 Peru-loffe-

443 365 632 417 luntate
654 397 671 423 ,
707 362 792 413 sed
822 359 967 412 etiam
995 359 1291 428 singulorum
1323 359 1547 412 amicitiis
1582 377 1672 412 eas
1713 377 1837 413 cem·

444 437 594 489 turias
631 434 936 488 confirmatas
969 434 1169 483 habeas.
1210 431 1315 485 Jam
1354 432 1501 483 studia
1543 435 1837 486 adolescen-

443 511 659 563 tulorum
708 509 757 558 in
801 505 1100 575 suffragando
1124 537 1142 564 ,
1181 506 1232 555 in
1279 505 1512 557 obeundo
1535 541 1551 566 ‚
1612 510 1665 558 in
1706 527 1837 560 nun·

443 583 640 640 tiendo,
672 581 724 633 in
768 579 1039 631 affeaando
1062 611 1078 639 ‚
1124 577 1322 630 mirifice
1357 578 1409 630 δι
1438 597 1620 649 magna
1656 583 1712 635 δι
1747 584 1836 634 ho·

443 655 571 707 nesta
603 655 730 706 sunt.

515 727 610 778 IX.
652 727 716 778 Et
744 727 977 794 quoniam
1006 722 1322 777 affectanfonie
1353 726 1542 778 mentio
1562 726 1696 779 fasta
1721 726 1789 777 est
1814 745 1837 787 3

440 798 500 854 id
525 818 725 869 quoque
756 800 1019 852 curandum
1049 800 1146 857 est,
1187 811 1244 850 ut
1274 801 1557 867 quotidth
1596 800 1835 868 cujusque

443 875 640 944 generis
663 908 678 934 ‚
733 874 784 925 &
823 873 1002 924 ordinis
1026 906 1043 932 ‚
1080 873 1131 923 &
1161 873 1317 924 aetatis
1355 885 1496 925 utare
1531 874 1838 941 frequentia.

444 948 575 1001 Nam
587 965 649 998 ex
667 963 722 997 ea
737 947 840 1012 ipsa
859 947 1000 1013 copia
1020 945 1295 1012 conjectura
1317 944 1423 996 fieri
1435 948 1628 1013 poterit
1647 981 1665 1006 ,
1689 965 1837 1014 quan-

444 1032 549 1072 tum
577 1023 642 1071 sis
677 1021 727 1070 in
759 1020 862 1084 ipso
905 1034 1074 1084 campo
1108 1020 1283 1069 virium
1314 1036 1372 1069 ac
1408 1020 1658 1070 facultatis
1701 1021 1839 1070 habi-

444 1105 603 1144 turus.
626 1090 796 1158 Hujus.
810 1102 972 1141 autem
993 1094 1065 1143 tei
1090 1103 1201 1142 tres
1215 1105 1378 1158 partes
1400 1092 1508 1143 suns:
1530 1108 1545 1144 t
1566 1111 1666 1144 una
1690 1094 1837 1144 Salu-

443 1179 671 1224 ιαιοηιιπ,
685 1165 1042 1231 quumdomum
1056 1164 1260 1214 veniunt
1275 1182 1293 1227 3
1307 1166 1458 1215 altera
1471 1165 1801 1217 Deduc‘tomm
1818 1184 1837 1225 3

444 1240 592 1291 tertia
606 1236 961 1304 Affeflatorun.
977 1238 1034 1287 ln
1048 1236 1403 1288 salutatoribus
1423 1271 1443 1299 ,
1464 1256 1544 1306 qm
1556 1256 1709 1307 magis
1731 1242 1838 1290 vul-

448 1329 589 1388 geres
626 1313 769 1370 sunt,
809 1311 860 1362 &
903 1312 992 1360 bac
1030 1310 1377 1361 consuetudine
1417 1329 1526 1378 quae
1567 1330 1701 1363 nunc
1728 1313 1833 1371 est,

447 1378 617 1454 plures
646 1385 887 1443 veniunt,
920 1384 1018 1434 hoc
1039 1381 1350 1435 efficiendum
1364 1383 1464 1444 est,
1483 1397 1540 1435 ut
1559 1386 1660 1435 hoc
1683 1387 1837 1452 ipsum

448 1459 697 1511 minimum
720 1456 935 1508 officium
967 1473 1137 1507 eorum
1168 1456 1261 1506 tibi
1289 1457 1608 1524 gratissimum
1641 1459 1742 1509 effe
1767 1460 1834 1508 vi·

449 1533 643 1585 dentur.
685 1530 787 1594 Qui
819 1532 1013 1580 domum
1042 1541 1175 1580 tuam
1204 1531 1438 1589 venient,
1473 1530 1533 1580 iis
1556 1531 1836 1599 significato

452 1617 505 1656 te
543 1604 963 1661 animadvertere3
1001 1603 1054 1655 &
1083 1619 1259 1652 eorum
1289 1604 1452 1653 amicis
1476 1637 1494 1663 ,
1527 1605 1611 1670 qui
1639 1606 1736 1655 iuis
1759 1622 1833 1656 re·

448 1678 678 1735 nuntient
692 1709 707 1735 ‚
730 1675 1005 1734 ostendit03
1027 1675 1153 1741 saepe
1175 1675 1289 1741 ipsis
1312 1676 1498 1727 dicito:
1519 1677 1593 1727 sic
1610 1678 1833 1729 homines

450 1751 580 1817 saepe
605 1783 620 1809 ‚
654 1765 801 1816 quum
834 1750 1021 1799 obeunt
1055 1749 1221 1814 plures
1259 1750 1613 1815 competitores
1634 1785 1653 1806 ,
1695 1753 1737 1802 si
1755 1752 1831 1800 vi-

449 1824 603 1877 deant
642 1839 791 1873 unum
826 1820 923 1872 effe
959 1822 1197 1887 aliquem,
1224 1822 1305 1887 qui
1339 1823 1445 1873 haec
1481 1821 1646 1874 officia
1686 1825 1832 1874 maxi-

448 1895 532 1949 me
551 1895 901 1948 animadvertat
912 1911 930 1953 3
955 1895 1001 1947 ei
1026 1894 1073 1943 se
1095 1894 1314 1954 dedunt3
1350 1895 1577 1949 deserunt
1600 1908 1832 1955 ceteros3

449 1969 722 2021 minutatim
752 1983 815 2015 ex
849 1967 1184 2018 communibus
1222 1967 1441 2036 proprii,
1466 1985 1532 2021 ex
1553 1969 1740 2022 fucosis
1754 1970 1834 2031 fin,

449 2040 516 2093 mi
549 2038 884 2106 suffragatores
921 2038 1155 2093 evadunt.

529 2112 621 2165 28.
662 2111 769 2176 Jam
800 2110 918 2162 illud
945 2124 1119 2163 teneto
1155 2112 1415 2181 diligenter
1436 2147 1452 2174 ,
1496 2114 1544 2168 si
1566 2131 1717 2176 eum,
1752 2117 1829 2184 qui

454 2187 548 2241 tibi
584 2185 889 2254 promiserit,
924 2186 1135 2236 audieris
1172 2187 1336 2237 fucum
1359 2220 1375 2245 ‚
1417 2198 1473 2236 ut
1512 2188 1691 2241 dicitur
1712 2224 1728 2250 ‚
1766 2192 1830 2240 fa-

456 2278 574 2313 cete
601 2260 731 2311 velle
753 2293 768 2319 ‚
794 2270 877 2309 aut
895 2258 1130 2309 senseris·
1113 2292 1131 2316 ,
1153 2272 1209 2311 ut
1229 2271 1281 2309 te
1302 2259 1351 2308 id
1371 2259 1583 2317 audisse,
1609 2274 1693 2312 aut
1716 2263 1831 2318 scite

457 2334 748 2385 dissimules.
782 2332 834 2382 Si
869 2332 975 2397 quis
1010 2332 1100 2382 tibi
1150 2331 1198 2381 se
1247 2348 1453 2399 purgare
1488 2336 1665 2394 volet,
1705 2337 1829 2402 quod

454 2405 722 2472 suspectum
744 2404 793 2456 se
815 2403 909 2454 effe
930 2405 1228 2457 arbitretur,-
1212 2438 1229 2461 ‚
1270 2402 1513 2463 affirmes,
1550 2400 1602 2456 te
1627 2408 1688 2459 de
1710 2409 1773 2458 iv·
1761 2426 1831 2461 ius

454 2481 712 2533 uoluntate
743 2494 1000 2543 numquam
1034 2477 1261 2529 dubitaffe
1281 2510 1308 2536 ,
1335 2493 1428 2527 nec
1476 2479 1659 2529 debere
1705 2482 1830 2532 dubi·

455 2563 565 2605 tare
607 2569 623 2604 ε
662 2552 703 2603 is
739 2551 867 2601 enim
889 2583 913 2610 ,p
944 2550 1211 2617 quise-non
1233 2561 1371 2616 putat
1392 2550 1702 2612 satisfacere,
1724 2555 1829 2605 ami-

461 2642 549 2685 cus
580 2624 675 2676 effe
710 2624 844 2673 nullo
878 2625 1024 2674 modo
1047 2623 1221 2689 potest.
1254 2623 1390 2674 Scire
1411 2635 1571 2674 autem
1596 2639 1795 2692 oportet
1811 2663 1828 2689 ,

460 2715 562 2766 quo
588 2698 784 2765 quisque
805 2697 964 2746 animo
984 2697 1047 2749 sit
1065 2713 1082 2759 3
1103 2709 1156 2747 ut
1183 2696 1234 2747 &
1268 2709 1499 2762 quantum
1521 2698 1702 2764 cuiun
1720 2717 1829 2755 con-

459 2771 578 2835 fidas
596 2805 614 2835 ,
638 2770 929 2835 ‚constituere
949 2770 1126 2840 possis.
1156 2769 1263 2849 Iam
1280 2768 1605 2826 Danaorum
1625 2770 1826 2839 officitur)
