2017 3634
506 330 511 335 -
595 287 653 354 L
703 302 742 353 1
795 301 850 353 B
903 304 955 354 z
1008 303 1063 356 a
1135 287 1199 359 1.
1486 311 1534 389 3
1552 310 1587 364 1

190 398 301 460 sed
336 399 562 461 indicat
595 397 719 482 ipse
764 417 962 461 motus
985 446 1008 478 ,
1053 401 1438 466 didicerintne
1522 429 1593 469 a-

191 477 446 542 laestram
478 527 501 556 ,
537 502 616 541 an
652 478 946 543 nesciant:
981 483 1048 543 &
1084 485 1182 578 qui
1224 485 1442 568 aliquid
1471 427 1591 549 ξη-

183 579 339 643 gunt
356 607 379 636 ,
418 564 534 624 etsi
572 577 700 622 tum
732 561 955 645 pictura
996 564 1141 624 nilnl
1176 581 1412 627 utuntur
1432 613 1451 642 ,
1491 586 1589 631 ta-

180 661 335 703 men
355 684 378 718 ,
427 645 635 703 utrum
661 641 841 704 sciant
863 646 1109 728 pingere
1127 689 1148 720 ,
1193 668 1267 707 an
1292 646 1586 727 nesciant,

179 743 317 783 non
339 723 665 785 obscurum
697 721 814 785 est:
851 727 933 786 sic
964 728 1025 785 in
1056 727 1415 789 orationibus
1433 729 1588 794 hisce

178 805 330 885 ipsis
362 827 367 831 ·
384 802 745 885 judiciorum
776 848 797 879 ,
865 809 1222 873 concionum
1253 854 1274 883 ,
1318 808 1540 871 senatus
1563 858 1586 889 ,

178 886 433 947 etiamsi
491 886 745 968 propriae
788 904 1000 948 ceterae
1040 909 1165 949 non
1204 889 1587 954 adhibeantur

181 982 355 1026 artes
378 1010 401 1041 ,
445 983 651 1028 tamen
685 965 856 1028 facile
902 967 1262 1046 declaratur,
1307 973 1501 1034 utrum
1534 975 1583 1035 is

182 1048 295 1128 qui
327 1045 490 1108 dicat
506 1093 526 1123 ,
557 1049 972 1110 tantummodo
990 1053 1050 1111 in
1073 1050 1191 1112 hoc
1219 1052 1582 1115 declamato-

176 1129 277 1188 rio
335 1130 415 1188 sit
459 1148 647 1211 opere
690 1125 929 1209 jaeams
951 1174 972 1205 ,
1030 1153 1106 1192 an
1149 1132 1227 1193 ad
1265 1132 1581 1201 dicendum

177 1209 479 1350 pmnibus
514 1211 783 1294 ingenuis
810 1213 1024 1273 artibus
1046 1210 1343 1276 instmstus'
1373 1236 1582 1279 acces·

205 1306 352 1352 ent.
1564 1312 1573 1325 ’

178 1398 183 1403 ·
274 1368 488 1431 XVII.
509 1368 671 1433 Tum
689 1370 884 1434 ridens
908 1372 1216 1448 Scaevola,
1240 1373 1385 1438 Non
1403 1376 1581 1441 iusta*

175 1451 309 1513 bor
327 1497 350 1526 ,
382 1454 605 1592 infinit,
639 1469 838 1515 tecum
860 1499 880 1528 ,
916 1452 1119 1515 Crass‘e
1136 1499 1157 1528 ,
1189 1457 1477 1537 amplius:
1517 1458 1583 1519 id

178 1536 361 1594 enirn
382 1534 447 1613 ip
472 1553 607 1608 um,
651 1534 816 1615 quod
851 1542 1058 1594 co'ntra
1086 1554 1187 1597 me
1218 1534 1449 1597 locutus
1483 1536 1584 1612 es}

176 1610 453 1676 artificio
501 1614 759 1696 quodam
814 1633 878 1675 es
929 1613 1273 1677 consecutus
1313 1660 1333 1691 ,
1389 1632 1453 1678 ut
1508 1617 1580 1680 δι

178 1693 343 1756 mihi
363 1739 384 1769 ,
418 1714 547 1776 quae
583 1714 698 1779 ego
724 1695 946 1757 vellem
979 1718 1106 1758 non
1140 1694 1254 1759 effe
1287 1700 1577 1777 oratoris,

178 1774 608 1850 concederes;
663 1776 729 1838 &
761 1773 879 1858 ipsa
903 1821 923 1851 ,
978 1776 1173 1841 n'escio
1220 1780 1529 1861 quomodo
1556 1826 1579 1867 ,

178 1854 382 1918 rursus
410 1855 796 1941 detorqueres
820 1900 840 1932 ,
878 1874 1052 1940 atque
1085 1862 1303 1920 oratori
1338 1864 1581 1943 propria

178 1936 484 1999 traderes.

272 2036 385 2100 75.
429 2017 577 2079 Haec
599 2062 629 2092 ,
666 2037 847 2101 quum
876 2037 993 2159 eigo
1032 2036 1252 2102 praetor
1292 2004 1578 2085 Rhodum

184 2094 486 2161 veniss'em
525 2143 545 2172 ,
606 2099 672 2159 &
719 2120 855 2159 cum
919 2121 1123 2162 ummo
1173 2100 1276 2161 illo
1330 2101 1578 2172 doctore

184 2176 355 2240 istius
376 2178 688 2259 disciplinae
710 2179 1041 2263 Apollonio
1060 2224 1080 2254 ,
1111 2201 1183 2242 ea
1200 2225 1221 2256 ,
1248 2202 1377 2263 quae
1405 2205 1440 2243 a
1468 2182 1579 2247 Pa-

187 2262 378 2322 naetio
417 2280 762 2342 acceperam
781 2304 802 2335 ,
835 2259 1238 2322 contulissem:
1281 2263 1451 2324 irrisit
1479 2264 1580 2329 ille

180 2340 438 2423 quidem
460 2386 481 2415 ,
513 2358 578 2401 ut
608 2339 864 2416 solebat,
891 2339 1319 2425 philosophiam
1342 2388 1365 2419 ,
1398 2362 1579 2428 atque

188 2424 560 2504 contempsit
593 2466 614 2496 ,
663 2421 844 2485 multa
927 2442 962 2484 e
1000 2443 1126 2484 non
1161 2439 1286 2485 tam
1323 2424 1578 2509 graviter

190 2502 377 2577 dixit,
500 2501 595 2564 am
611 2501 823 2565 facete.
934 2523 1229 2565 ua-autem
1248 2503 1358 2567 fuit
1382 2511 1577 2570 oratio

185 2580 420 2663 ejusmo
463 2586 507 2659 i,
523 2600 730 2644 non-ut
749 2585 927 2647 ullam
941 2602 1151 2659 artem,
1170 2585 1574 2650 doerinamve

183 2681 614 2726 contemneres
637 2709 658 2739 ,
699 2662 804 2728 sed
850 2683 914 2727 ut
959 2685 1168 2726 omnes
1215 2669 1464 2749 comites
1503 2670 1578 2734 ac.

184 2743 478 2809 ministras
500 2747 748 2806 oratoris
773 2744 1161 2808 ess‘e‘dicereS.
1550 2756 1558 2767 ’

273 2824 378 2908 76.
414 2825 591 2911 Quas
624 2846 777 2914 ego,
809 2828 857 2888 si
878 2830 1004 2915 quis
1028 2830 1275 2971 sitBunus
1298 2829 1570 2917 comple-2

1180 2930 1242 2974 uf
