2017 3634
518 325 621 400 '28
834 326 916 395 D
939 345 989 395 E
1064 324 1128 394 Ο
1154 345 1206 395 a
1235 341 1289 395 Α
1320 346 1369 397 1·
1395 347 1443 397 o
1470 343 1522 396 a
1548 349 1598 397 E

462 508 470 516 ,
513 444 799 507 fatiundae
821 467 887 505 ac
912 443 1204 526 poliendae
1230 444 1505 503 orationis
1528 489 1548 517 ,
1592 441 1799 507 diserte
1827 444 1895 512 ic!

512 526 696 609 ipsum
722 524 919 609 poste,
950 526 1024 586 de
1052 544 1170 606 quo
1191 522 1362 599 sciat,
1396 525 1611 587 dicere.
1886 585 1893 592 ,

596 607 740 669 XV.
788 608 1201 688 Quamobrem
1232 605 1293 664 'si
1343 609 1468 687 quis
1493 605 1839 669 'universam
1864 653 1886 684 ,

513 688 583 749 &
672 692 926 772 ropriam
968 689 1217 748 oratoris
1255 688 1380 747 vim
1430 684 1670 749 definire
1718 711 1891 750 com·-

506 711 799 852 plegique
837 769 1005 843 vult,
1051 769 1099 828 is
1137 785 1335 828 orator
1370 770 1480 828 erit
1503 814 1523 844 ,
1574 769 1708 829 mefi
1743 769 1890 831 sen-

505 851 734 926 tentia,
778 852 896 912 hoc
941 868 1064 910 tam
1108 851 1272 932 gravi
1332 847 1536 932 dignus
1587 852 1832 912 nomine
1863 897 1886 927 ‚

550 934 608 992 ui
644 978 664 1007 ,
720 949 1100 1015 quaecumque
1145 950 1236 991 res
1278 929 1547 991 inciderit
1577 976 1596 1006 ,
1640 932 1774 1014 quae
1811 935 1888 994 sit

567 1012 760 1074 <stione
798 1011 1146 1094 explicanda
1167 1010 1571 1152 ,grudentess
1611 1012 1678 1073 &
1705 1016 1892 1087 com-·

501 1095 695 1177 posite
723 1122 743 1169 3
776 1094 868 1154 ·&
906 1093 1108 1154 ornate
1130 1138 1149 1167 ,
1302 1092 1641 1154 memoriter
1683 1093 1841 1157 dicat
1862 1141 1885 1172 ,

500 1196 638 1237 cum
666 1175 919 1258 quadam
945 1176 1123 1237 etiam
1145 1172 1381 1235 afflonis
1408 1173 1465 1232 di
1509 1174 1718 1235 nitate.'

516 1270 525 1277 '
582 1255 685 1339 65.
742 1255 842 1316 Sin
886 1257 1138 1337 cuipiam
1175 1255 1342 1315 nimis
1382 1195 1669 1316 ini-ignitum
1701 1255 1887 1319 vide-

497 1352 594 1398 tur
610 1381 630 1412 ,
655 1336 818 1421 quod
842 1338 925 1397 ita
945 1335 1145 1419 posui,
1181 1357 1515 1417 quacumque
1531 1338 1595 1394 de
1614 1360 1703 1411 re,
1735 1337 1886 1401 licet

497 1418 635 1479 hinc
656 1465 676 1494 ‚
717 1419 1223 1501 quantixmpuique
1242 1416 1573 1492 videbitur,⁴
1621 1420 1888 1480 circum-

497 1500 655 1562 cidat
670 1547 689 1576 ‚
718 1516 905 1583 atquer
921 1515 1214 1581 amputet:
1238 1515 1442 1558 tamen
1455 1496 1604 1559 illud
1612 1500 1838 1574 tenebo
1858 1547 1881 1578 ,

496 1585 587 1655 si,
642 1604 771 1664 quae
814 1584 1022 1642 ceteris
1060 1582 1121 1639 in
1154 1579 1369 1639 artibus
1396 1596 1493 1639 aut
1536 1577 1727 1639 studiis
1765 1583 1885 1644 sita

493 1660 664 1737 sunt,
707 1676 911 1722 orator
953 1662 1188 1742 ignoret
1211 1705 1232 1733 ,
1277 1660 1621 1742 tanti'imque
1662 1681 1731 1722 ea
1774 1678 1886 1724 te-

493 1759 672 1814 neat,
706 1763 835 1824 quae
863 1742 976 1802 sint
1000 1743 1062 1800 in
1091 1739 1597 1822 disceptationibus
1617 1787 1640 1816 ,
1665 1756 1774 1802 aut
1808 1747 1883 1806 in

492 1821 595 1883 usu
620 1822 889 1896 ‘forensi3
931 1838 1133 1883 tamen
1178 1821 1264 1881 his
1310 1821 1385 1883 de
1428 1823 1601 1882 rebus
1645 1824 1785 1904 ipsis
1826 1828 1886 1888 si

494 1906 569 1965 sit
596 1907 652 1965 ei
686 1903 999 1964 dicendum
1017 1949 1035 1979 ,
1078 1923 1259 1985 quum
1286 1906 1636 1985 cognoverit
1659 1905 1733 1965 ab
1761 1905 1832 1966 iis
1856 1954 1881 1982 ‚

492 1987 593 2068 qui
622 2002 827 2048 tenent
863 2007 990 2068 quae
1024 1986 1136 2045 sint
1164 1985 1226 2042 in
1260 2005 1372 2066 qua
1445 2004 1489 2065 e
1523 2005 1586 2046 re
1612 2006 1631 2058 ;
1677 1987 1881 2049 multb

491 2083 789 2129 oratorem
817 2065 1023 2128 meliiis
1051 2063 1072 2140 ,’
1113 2064 1289 2148 quem
1315 2005 1469 2147 spaeis
1501 2065 1633 2147 illos
1652 2112 1673 2141 ‚
1711 2089 1884 2150 quo-

489 2169 617 2211 rum
644 2170 727 2211 eae
752 2147 879 2209 sunt
898 2144 1051 2208 arte's
1071 2192 1092 2221 ‚
1128 2143 1243 2206 effe
1280 2145 1594 2217 difflui-um(

571 2228 794 2292 66.ita
830 2230 877 2288 si
908 2229 982 2293 de
1017 2244 1081 2287 re
1118 2225 1349 2287 militari
1383 2226 1695 2288 dicendum
1727 2227 1879 2293 huic

491 2309 603 2372 erit
649 2309 907 2392 Sulpicio
932 2355 952 2384 ‚
1005 2306 1224 2390 quaeret
1261 2330 1297 2366 a
1338 2305 1415 2379 C,
1459 2307 1656 2369 Mario
1701 2308 1876 2374 affini

489 2389 690 2452 nostro
711 2436 731 2465 ‚
764 2392 827 2451 &
848 2435 871 2464 ,
890 2410 1081 2472 ,quum
1113 2391 1406 2470 acceperit
1428 2433 1448 2462 ‚
1482 2390 1563 2449 ita
1594 2411 1878 2470 pronun-

487 2471 657 2531 tiabit
677 2517 697 2547 ‚
735 2488 798 2530 ut
832 2473 943 2551 ipsi
975 2465 1051 2529 C.
1086 2467 1280 2529 Mario
1306 2475 1460 2551 pene
1494 2469 1586 2530 hic
1614 2470 1828 2534 melihs
1849 2520 1878 2549 ‚

487 2551 664 2635 quim
711 2551 829 2632 ipse
854 2596 873 2625 ‚
921 2548 1022 2615 illa
1079 2547 1220 2610 scire
1277 2551 1544 2612 videatur
1580 2572 1595 2612 z
1650 2554 1737 2612 sin
1784 2555 1879 2617 de

484 2630 614 2714 jure
654 2633 852 2707 civili3
900 2649 1099 2692 tecum
1140 2630 1632 2707 communicabit,
1673 2634 1877 2717 teque

483 2715 787 2779 hominem
836 2713 1344 2810 prudentissimum
1376 2759 1397 2790 ,
1469 2713 1531 2773 &
1580 2717 1881 2795 peritissi-

482 2798 644 2860 mum
667 2799 725 2855 in
746 2798 812 2855 iis
834 2798 969 2876 ipsis
1001 2795 1216 2868 rebus,
1251 2815 1392 2875 quas
1422 2790 1525 2858 abs
1547 2811 1607 2878 te
1634 2794 1876 2862 didice-

482 2879 587 2954 rit,
620 2876 996 2965 diceiidiarte
1016 2874 1327 2958 superabit.
1358 2922 1374 2928 -

764 2978 775 3003 ι
862 2980 885 2987 i
