2017 3634
595 242 1058 360 Lt'BER
1157 291 1219 361 I.
1474 308 1575 385 53

182 420 312 467 nno
332 405 580 466 minime
610 403 697 466 est
724 403 891 466 facile
914 409 1227 488 praecipere
1246 452 1266 480 ‚
1292 427 1415 468 non
1437 406 1583 467 mihi

197 487 374 548 modo
395 532 417 562 ‚
458 489 564 569 qui
601 487 750 546 sicut
781 508 923 546 unus
956 488 1364 569 paterfamilias
1394 488 1479 548 his
1501 487 1579 549 de

192 568 355 629 rebus
385 569 654 649 loquor,
698 566 797 626 sed
838 570 1016 628 etiam
1050 571 1163 651 ipsi
1197 569 1279 628 illi
1314 568 1528 629 Roscio
1554 613 1576 643 ‚

184 670 368 731 quem
398 648 554 730 saepe
582 648 758 708 audio
785 646 977 709 dicere
999 695 1019 723 ‚
1061 666 1231 730 caput
1260 647 1373 711 esse
1398 652 1526 709 artis
1547 670 1574 723 ·,

183 733 370 790 decere
397 752 418 790 .·
474 728 644 810 quod
673 745 878 788 tamen
902 750 1082 789 unum
1112 730 1176 788 id
1206 728 1318 790 esse
1342 776 1360 804 ‚
1411 731 1576 813 quod

178 811 333 870 tradi
360 827 490 871 arte
519 830 644 870 non
674 810 884 891 possit.
927 808 1048 869 Sed
1069 855 1087 883 ‚
1129 812 1174 868 si
1204 811 1396 891 placet
1415 856 1433 883 ‚
1460 810 1578 872 ser-

178 912 435 952 monem
466 890 583 950 alib
602 889 1013 950 transferamus
1031 936 1049 965 ,
1089 891 1154 950 &
1181 890 1378 951 nostro
1404 911 1572 953 more

180 971 503 1053 aliquando
518 1016 538 1044 ‚
560 993 684 1031 non
704 971 998 1031 rhetorico
1015 1017 1034 1044 ‚
1062 971 1388 1053 loquamur.

276 1070 413 1132 133.
452 1051 704 1111 Minime
727 1054 907 1126 verb,
930 1055 1115 1134 inquit
1143 1051 1347 1115 Cotta.
1395 1052 1569 1115 Nunc

181 1136 345 1195 enim
383 1151 447 1194 te
491 1131 613 1212 jam
641 1153 947 1193 exoremus
977 1132 1202 1195 necesse
1242 1133 1368 1210 est,
1451 1157 1571 1195 uo-

177 1218 337 1275 niam
355 1216 578 1275 retines
596 1235 705 1272 nos
725 1216 785 1273 in
804 1213 920 1274 hoc
935 1211 1148 1289 studio,
1171 1235 1280 1275 nec
1302 1216 1375 1276 ad
1395 1156 1568 1277 fliam

180 1296 428 1355 dimittis
467 1315 654 1354 artem
679 1338 699 1366 ‚
739 1312 804 1353 ut
839 1295 1009 1354 nobis
1051 1296 1343 1376 expliceS‚
1392 1296 1575 1379 quid·-

176 1376 327 1458 quid
364 1374 449 1436 est
470 1420 491 1449 ‚
526 1375 671 1434 istud
698 1376 859 1456 quod
895 1393 957 1435 tu
984 1377 1044 1434 in
1067 1376 1320 1437 dicendo
1351 1396 1562 1458 potes:

160 1476 379 1538 meque
403 1458 561 1516 enim
577 1454 764 1516 sumus
792 1458 959 1515 nimis
981 1456 1171 1515 avidi:
1200 1455 1301 1516 ista
1327 1458 1425 1517 tua
1444 1477 1569 1518 me-

178 1536 374 1598 diocri
395 1536 730 1617 eloquentia
750 1537 1009 1596 contenti
1030 1535 1219 1594 sumus
1239 1579 1259 1605 ‚
1296 1536 1470 1616 idque
1496 1556 1569 1597 ex

160 1634 240 1680 ·te
271 1620 583 1701 quaerimus
621 1624 712 1694 (ut
748 1628 824 1677 ne¹
861 1614 992 1698 plus
1027 1636 1135 1675 nos
1174 1612 1565 1698 assequamur,

173 1698 361 1781 quam
382 1697 721 1779 quantulum
734 1715 797 1758 tu
818 1700 877 1757 in
898 1696 1149 1757 dicendo
1172 1694 1448 1758 assecutus
1469 1700 1564 1772 es)

162 1782 463 1859 quoniam
486 1825 508 1854 ,
548 1800 676 1861 quae
724 1802 760 1839 a
797 1778 1000 1839 natura
1030 1779 1360 1860 expetenda
1399 1779 1561 1855 sunt,

176 1880 247 1922 ea
278 1861 424 1921 dicis
445 1881 569 1920 non
590 1861 758 1920 nimis
786 1858 975 1920 deesse
994 1850 1205 1934 nobis,
1237 1860 1379 1942 quid
1410 1882 1569 1942 prat·⁴

170 1957 340 2004 terea
359 1939 477 2003 esse
498 1938 894 2001 assumendum
917 1958 1112 2022 putes».
1449 1970 1456 1976 ·
1529 2010 1538 2026 ὓ

253 2021 462 2084 ΧΧΧ·.
489 2021 648 2082 Tum
671 2019 897 2081 Crassus
915 2022 1204 2081 arridens:
1230 2020 1397 2101 Quid
1419 2041 1562 2083 cen-

158 2103 259 2167 “ses
274 2150 295 2179 ‚
315 2103 535 2185 inquit,
557 2099 767 2177 Cotta,
787 2105 894 2162 nisi
910 2100 1181 2176 studium,
1205 2102 1268 2161 δι
1287 2102 1561 2164 ardorem

166 2185 499 2269 quemdam
531 2184 744 2244 amoris
770 2181 792 2242 ἓ
830 2185 952 2243 sine
988 2204 1108 2264 quo
1136 2203 1315 2263 quum
1342 2184 1399 2242 in
1438 2186 1559 2244 vita

164 2266 314 2327 nihil
341 2264 665 2348 quidquam
690 2266 1025 2346 egregium,
1058 2263 1374 2322 tum‘certe
1408 2261 1559 2339 hoc,

167 2347 337 2430 quod
372 2363 436 2406 tu
472 2347 731 2427 expetis,
772 2365 954 2404 nemo
985 2362 1260 2424 umquam
1297 2340 1561 2425 asseque-

168 2444 283 2490 tur.
349 2426 569 2509 Neque
602 2427 751 2486 vero
781 2447 896 2487 vos
934 2425 1008 2485 ad
1049 2444 1180 2484 eam
1214 2444 1336 2484 rem
1372 2424 1556 2488 video

167 2507 280 2570 ess'e
321 2506 766 2580 cohortandos;
807 2528 954 2588 quos
975 2553 995 2581 ‚
1027 2527 1206 2589 quum
1232 2506 1372 2566 mihi
1401 2510 1558 2587 quoss-

167 2602 282 2671 que
309 2592 434 2649 sitis
461 2585 693 2649 molesti
714 2632 735 2662 ,
777 2591 946 2650 nimis
971 2591 1150 2650 etiam
1185 2588 1429 2670 flagrare
1460 2591 1554 2649 in'-

158 2671 368 2754 telligo
391 2690 466 2731 cu
510 2669 737 2730 iditate.

156 2774 167 2783 ·
250 2769 384 2834 135·
485 2749 567 2812 ed
606 2747 879 2831 profeffl)
919 2747 1102 2808 studia
1139 2746 1282 2806 nihil
1313 2745 1551 2828 prosunt

158 2830 559 2921 perveniendi
592 2828 787 2916 aliquo
805 2875 826 2907 ,
846 2831 971 2892 misi
1002 2828 1213 2976 iurgi-‚ss
1233 2829 1395 2912 quod
1428 2830 1504 2895 eb
1524 2874 1546 2907 ,

1157 2929 1215 2994 ιι]
