<?xml version="1.0" encoding="UTF-8"?>
<!DOCTYPE html PUBLIC "-//W3C//DTD XHTML 1.0 Transitional//EN"
    "http://www.w3.org/TR/xhtml1/DTD/xhtml1-transitional.dtd">
<html xmlns="http://www.w3.org/1999/xhtml" xml:lang="en" lang="en">
 <head>
  <title>
</title>
<meta http-equiv="Content-Type" content="text/html;charset=utf-8" />
  <meta name='ocr-system' content='tesseract 3.04.00' />
  <meta name='ocr-capabilities' content='ocr_page ocr_carea ocr_par ocr_line ocrx_word'/>
</head>
<body>
  <div class='ocr_page' id='page_1' title='image "./mtulliiciceroni18unkngoog_0399.png"; bbox 0 0 2017 3634; ppageno 0'>
   <div class='ocr_carea' id='block_1_1' title="bbox 470 217 1601 321">
    <p class='ocr_par' dir='ltr' id='par_1_1' title="bbox 470 217 1601 321">
     <span class='ocr_line' id='line_1_1' title="bbox 470 217 1601 321; baseline 0.001 -34"><span class='ocrx_word' id='word_1_1' title='bbox 470 217 549 287; x_wconf 79' lang='grc' dir='ltr'><em>ο</em></span> <span class='ocrx_word' id='word_1_2' title='bbox 572 238 626 289; x_wconf 74' lang='lat' dir='ltr'><strong><em>R</em></strong></span> <span class='ocrx_word' id='word_1_3' title='bbox 654 235 709 288; x_wconf 77' lang='lat' dir='ltr'><em>A</em></span> <span class='ocrx_word' id='word_1_4' title='bbox 740 235 790 287; x_wconf 72' lang='grc' dir='ltr'><strong><em>τ</em></strong></span> <span class='ocrx_word' id='word_1_5' title='bbox 819 238 949 289; x_wconf 69' lang='lat' dir='ltr'>oa</span> <span class='ocrx_word' id='word_1_6' title='bbox 975 238 1015 293; x_wconf 83' lang='lat'><strong><em>1</em></strong></span> <span class='ocrx_word' id='word_1_7' title='bbox 1043 239 1109 292; x_wconf 67' lang='lat' dir='ltr'><em>B</em></span> <span class='ocrx_word' id='word_1_8' title='bbox 1131 241 1296 294; x_wconf 59' lang='lat' dir='ltr'>trs„</span> <span class='ocrx_word' id='word_1_9' title='bbox 1407 228 1601 321; x_wconf 64' lang='lat'>397*</span> 
     </span>
    </p>
   </div>
   <div class='ocr_carea' id='block_1_2' title="bbox 129 330 1647 899">
    <p class='ocr_par' dir='ltr' id='par_1_2' title="bbox 129 330 1647 574">
     <span class='ocr_line' id='line_1_2' title="bbox 173 330 1647 414; baseline 0.007 -23"><span class='ocrx_word' id='word_1_10' title='bbox 173 350 358 414; x_wconf 80' lang='lat' dir='ltr'>quem</span> <span class='ocrx_word' id='word_1_11' title='bbox 394 330 457 392; x_wconf 85' lang='lat' dir='ltr'>in</span> <span class='ocrx_word' id='word_1_12' title='bbox 490 334 721 395; x_wconf 85' lang='lat' dir='ltr'>vatibus</span> <span class='ocrx_word' id='word_1_13' title='bbox 753 337 817 396; x_wconf 91' lang='lat'>&amp;</span> <span class='ocrx_word' id='word_1_14' title='bbox 848 336 1057 399; x_wconf 83' lang='lat' dir='ltr'>Faunis</span> <span class='ocrx_word' id='word_1_15' title='bbox 1089 356 1397 400; x_wconf 85' lang='lat' dir='ltr'><strong>enumerat</strong></span> <span class='ocrx_word' id='word_1_16' title='bbox 1438 339 1563 400; x_wconf 85' lang='lat' dir='ltr'>En-</span> <span class='ocrx_word' id='word_1_17' title='bbox 1644 396 1647 401; x_wconf 83' lang='lat'><strong>.</strong></span> 
     </span>
     <span class='ocr_line' id='line_1_3' title="bbox 129 413 1561 503; baseline 0.008 -32"><span class='ocrx_word' id='word_1_18' title='bbox 129 469 132 471; x_wconf 13' lang='grc' dir='ltr'><strong>Α</strong></span> <span class='ocrx_word' id='word_1_19' title='bbox 174 415 315 473; x_wconf 67' lang='lat' dir='ltr'>nius</span> <span class='ocrx_word' id='word_1_20' title='bbox 343 457 371 487; x_wconf 82' lang='grc'><em>,</em></span> <span class='ocrx_word' id='word_1_21' title='bbox 421 413 643 475; x_wconf 89' lang='lat' dir='ltr'>bellum</span> <span class='ocrx_word' id='word_1_22' title='bbox 685 416 961 480; x_wconf 88' lang='lat' dir='ltr'>Punicum</span> <span class='ocrx_word' id='word_1_23' title='bbox 994 464 1016 494; x_wconf 87' lang='lat'>‚</span> <span class='ocrx_word' id='word_1_24' title='bbox 1071 423 1236 503; x_wconf 81' lang='lat' dir='ltr'>quasi</span> <span class='ocrx_word' id='word_1_25' title='bbox 1280 421 1561 503; x_wconf 85' lang='lat' dir='ltr'>Myronis</span> 
     </span>
     <span class='ocr_line' id='line_1_4' title="bbox 172 495 676 574; baseline 0.006 -21"><span class='ocrx_word' id='word_1_26' title='bbox 172 514 365 574; x_wconf 72' lang='lat' dir='ltr'>opus»,</span> <span class='ocrx_word' id='word_1_27' title='bbox 408 495 676 565; x_wconf 58' lang='lat' dir='ltr'>deleciat.</span> 
     </span>
    </p>

    <p class='ocr_par' dir='ltr' id='par_1_3' title="bbox 171 574 1576 899">
     <span class='ocr_line' id='line_1_5' title="bbox 260 574 1576 665; baseline 0.009 -32"><span class='ocrx_word' id='word_1_28' title='bbox 260 575 364 650; x_wconf 87' lang='lat'>76.</span> <span class='ocrx_word' id='word_1_29' title='bbox 408 574 494 636; x_wconf 89' lang='lat' dir='ltr'>Sit</span> <span class='ocrx_word' id='word_1_30' title='bbox 519 575 736 639; x_wconf 90' lang='lat' dir='ltr'>Ennius</span> <span class='ocrx_word' id='word_1_31' title='bbox 761 576 933 655; x_wconf 72' lang='lat' dir='ltr'>sane,</span> <span class='ocrx_word' id='word_1_32' title='bbox 973 597 1040 641; x_wconf 86' lang='lat' dir='ltr'>ut</span> <span class='ocrx_word' id='word_1_33' title='bbox 1070 580 1153 642; x_wconf 89' lang='lat' dir='ltr'>est</span> <span class='ocrx_word' id='word_1_34' title='bbox 1189 584 1383 658; x_wconf 75' lang='lat' dir='ltr'>certe,</span> <span class='ocrx_word' id='word_1_35' title='bbox 1420 603 1576 665; x_wconf 83' lang='lat' dir='ltr'>per--</span> 
     </span>
     <span class='ocr_line' id='line_1_6' title="bbox 173 653 1571 740; baseline 0.006 -24"><span class='ocrx_word' id='word_1_36' title='bbox 173 653 389 717; x_wconf 65' lang='lat' dir='ltr'>fection·</span> <span class='ocrx_word' id='word_1_37' title='bbox 425 677 441 716; x_wconf 91' lang='lat'>:</span> <span class='ocrx_word' id='word_1_38' title='bbox 497 661 596 740; x_wconf 87' lang='lat' dir='ltr'>qui</span> <span class='ocrx_word' id='word_1_39' title='bbox 647 663 695 720; x_wconf 85' lang='lat' dir='ltr'>si</span> <span class='ocrx_word' id='word_1_40' title='bbox 742 660 903 720; x_wconf 88' lang='lat' dir='ltr'>illum</span> <span class='ocrx_word' id='word_1_41' title='bbox 925 706 944 735; x_wconf 87' lang='lat'><strong>,</strong></span> <span class='ocrx_word' id='word_1_42' title='bbox 990 678 1056 721; x_wconf 89' lang='lat' dir='ltr'>ut</span> <span class='ocrx_word' id='word_1_43' title='bbox 1093 666 1321 725; x_wconf 86' lang='lat' dir='ltr'><strong>simulat</strong></span> <span class='ocrx_word' id='word_1_44' title='bbox 1344 710 1362 739; x_wconf 89' lang='lat'><strong><em>‚</em></strong></span> <span class='ocrx_word' id='word_1_45' title='bbox 1403 686 1571 727; x_wconf 84' lang='lat' dir='ltr'>con-—</span> 
     </span>
     <span class='ocr_line' id='line_1_7' title="bbox 171 741 1562 826; baseline 0.007 -29"><span class='ocrx_word' id='word_1_46' title='bbox 171 752 473 799; x_wconf 86' lang='lat' dir='ltr'>temneret</span> <span class='ocrx_word' id='word_1_47' title='bbox 493 783 513 812; x_wconf 88' lang='lat'>‚</span> <span class='ocrx_word' id='word_1_48' title='bbox 554 761 678 819; x_wconf 87' lang='lat' dir='ltr'>non</span> <span class='ocrx_word' id='word_1_49' title='bbox 701 785 721 813; x_wconf 85' lang='lat'><strong>,</strong></span> <span class='ocrx_word' id='word_1_50' title='bbox 761 744 959 802; x_wconf 88' lang='lat' dir='ltr'>omnia</span> <span class='ocrx_word' id='word_1_51' title='bbox 992 741 1147 805; x_wconf 86' lang='lat' dir='ltr'>bella</span> <span class='ocrx_word' id='word_1_52' title='bbox 1178 745 1562 826; x_wconf 86' lang='lat' dir='ltr'>persequens,</span> 
     </span>
     <span class='ocr_line' id='line_1_8' title="bbox 174 819 1568 899; baseline 0.004 -23"><span class='ocrx_word' id='word_1_53' title='bbox 174 820 430 899; x_wconf 81' lang='lat' dir='ltr'>primum</span> <span class='ocrx_word' id='word_1_54' title='bbox 463 820 608 880; x_wconf 86' lang='lat' dir='ltr'>illud</span> <span class='ocrx_word' id='word_1_55' title='bbox 643 819 924 884; x_wconf 87' lang='lat' dir='ltr'>Punicum</span> <span class='ocrx_word' id='word_1_56' title='bbox 959 825 1302 887; x_wconf 80' lang='lat' dir='ltr'>acerrimum</span> <span class='ocrx_word' id='word_1_57' title='bbox 1335 826 1568 886; x_wconf 61' lang='lat' dir='ltr'>bellum:</span> 
     </span>
    </p>
   </div>
   <div class='ocr_carea' id='block_1_3' title="bbox 175 896 1684 984">
    <p class='ocr_par' dir='ltr' id='par_1_4' title="bbox 175 896 1684 984">
     <span class='ocr_line' id='line_1_9' title="bbox 175 896 1684 984; baseline -0.011 -25"><span class='ocrx_word' id='word_1_58' title='bbox 175 898 523 981; x_wconf 59' lang='lat' dir='ltr'>teliquiffet.„</span> <span class='ocrx_word' id='word_1_59' title='bbox 567 900 699 962; x_wconf 70' lang='lat' dir='ltr'>Sed</span> <span class='ocrx_word' id='word_1_60' title='bbox 721 903 847 984; x_wconf 80' lang='lat' dir='ltr'>ipse</span> <span class='ocrx_word' id='word_1_61' title='bbox 889 903 1065 979; x_wconf 82' lang='lat' dir='ltr'>dicit,</span> <span class='ocrx_word' id='word_1_62' title='bbox 1110 927 1216 965; x_wconf 76' lang='lat' dir='ltr'>cur.</span> <span class='ocrx_word' id='word_1_63' title='bbox 1245 906 1306 965; x_wconf 74' lang='lat' dir='ltr'>id</span> <span class='ocrx_word' id='word_1_64' title='bbox 1343 907 1569 983; x_wconf 50' lang='lat' dir='ltr'>chiatg.</span> <span class='ocrx_word' id='word_1_65' title='bbox 1625 896 1628 900; x_wconf 80' lang='grc'><strong>“</strong></span> <span class='ocrx_word' id='word_1_66' title='bbox 1677 926 1684 931; x_wconf 80' lang='lat'>-</span> 
     </span>
    </p>
   </div>
   <div class='ocr_carea' id='block_1_4' title="bbox 76 981 1671 2766">
    <p class='ocr_par' dir='ltr' id='par_1_5' title="bbox 76 981 1570 1393">
     <span class='ocr_line' id='line_1_10' title="bbox 130 981 1558 1065; baseline 0.004 -23"><span class='ocrx_word' id='word_1_67' title='bbox 130 998 135 1003; x_wconf 74' lang='grc'>’</span> <span class='ocrx_word' id='word_1_68' title='bbox 177 981 451 1062; x_wconf 76' lang='lat' dir='ltr'>Scripfire</span> <span class='ocrx_word' id='word_1_69' title='bbox 468 1026 506 1056; x_wconf 63' lang='lat'>2.</span> <span class='ocrx_word' id='word_1_70' title='bbox 538 984 725 1065; x_wconf 88' lang='lat' dir='ltr'>inquit</span> <span class='ocrx_word' id='word_1_71' title='bbox 743 1027 764 1057; x_wconf 86' lang='lat'>‚</span> <span class='ocrx_word' id='word_1_72' title='bbox 789 986 899 1045; x_wconf 78' lang='lat' dir='ltr'>alii</span> <span class='ocrx_word' id='word_1_73' title='bbox 918 1007 1028 1045; x_wconf 86' lang='lat' dir='ltr'>rem</span> <span class='ocrx_word' id='word_1_74' title='bbox 1054 986 1339 1048; x_wconf 69' lang='lat' dir='ltr'>versibu’2.</span> <span class='ocrx_word' id='word_1_75' title='bbox 1368 988 1433 1048; x_wconf 90' lang='lat'>&amp;</span> <span class='ocrx_word' id='word_1_76' title='bbox 1464 988 1558 1048; x_wconf 87' lang='lat' dir='ltr'>lu·-</span> 
     </span>
     <span class='ocr_line' id='line_1_11' title="bbox 173 1062 1557 1144; baseline 0.006 -22"><span class='ocrx_word' id='word_1_77' title='bbox 173 1062 667 1144; x_wconf 69' lang='lat' dir='ltr'>culentequidem</span> <span class='ocrx_word' id='word_1_78' title='bbox 687 1062 789 1124; x_wconf 88' lang='lat' dir='ltr'>scri</span> <span class='ocrx_word' id='word_1_79' title='bbox 832 1065 1058 1141; x_wconf 85' lang='lat' dir='ltr'>serunt,</span> <span class='ocrx_word' id='word_1_80' title='bbox 1087 1070 1311 1129; x_wconf 89' lang='lat' dir='ltr'>etiamsi</span> <span class='ocrx_word' id='word_1_81' title='bbox 1332 1071 1517 1130; x_wconf 68' lang='lat' dir='ltr'>minus</span> <span class='ocrx_word' id='word_1_82' title='bbox 1534 1114 1557 1144; x_wconf 88' lang='lat'>‚</span> 
     </span>
     <span class='ocr_line' id='line_1_12' title="bbox 76 1141 1555 1284; baseline 0.005 -83"><span class='ocrx_word' id='word_1_83' title='bbox 76 1168 81 1175; x_wconf 92' lang='lat'><strong>·</strong></span> <span class='ocrx_word' id='word_1_84' title='bbox 175 1141 355 1284; x_wconf 60' lang='lat' dir='ltr'>guam</span> <span class='ocrx_word' id='word_1_85' title='bbox 390 1160 491 1217; x_wconf 87' lang='lat' dir='ltr'>tu,</span> <span class='ocrx_word' id='word_1_86' title='bbox 529 1145 746 1226; x_wconf 70' lang='lat' dir='ltr'>polite..</span> <span class='ocrx_word' id='word_1_87' title='bbox 821 1194 824 1198; x_wconf 19' lang='grc' dir='ltr'><strong>Α</strong></span> <span class='ocrx_word' id='word_1_88' title='bbox 858 1167 926 1208; x_wconf 83' lang='lat' dir='ltr'>ec</span> <span class='ocrx_word' id='word_1_89' title='bbox 962 1149 1109 1209; x_wconf 78' lang='lat' dir='ltr'>verb</span> <span class='ocrx_word' id='word_1_90' title='bbox 1145 1151 1250 1209; x_wconf 88' lang='lat' dir='ltr'>tibi</span> <span class='ocrx_word' id='word_1_91' title='bbox 1275 1150 1438 1211; x_wconf 82' lang='lat' dir='ltr'>aliter</span> <span class='ocrx_word' id='word_1_92' title='bbox 1459 1154 1555 1211; x_wconf 87' lang='lat' dir='ltr'>vi-</span> 
     </span>
     <span class='ocr_line' id='line_1_13' title="bbox 218 1224 1570 1312; baseline 0.004 -27"><span class='ocrx_word' id='word_1_93' title='bbox 218 1226 300 1285; x_wconf 81' lang='lat' dir='ltr'>eti</span> <span class='ocrx_word' id='word_1_94' title='bbox 353 1224 534 1286; x_wconf 89' lang='lat' dir='ltr'>debet</span> <span class='ocrx_word' id='word_1_95' title='bbox 556 1246 575 1299; x_wconf 89' lang='lat'>;</span> <span class='ocrx_word' id='word_1_96' title='bbox 633 1229 732 1308; x_wconf 91' lang='lat' dir='ltr'>qui</span> <span class='ocrx_word' id='word_1_97' title='bbox 778 1250 814 1286; x_wconf 83' lang='lat' dir='ltr'>a</span> <span class='ocrx_word' id='word_1_98' title='bbox 860 1227 1070 1289; x_wconf 86' lang='lat' dir='ltr'>Naevio</span> <span class='ocrx_word' id='word_1_99' title='bbox 1120 1230 1223 1291; x_wconf 80' lang='lat' dir='ltr'>vel</span> <span class='ocrx_word' id='word_1_100' title='bbox 1274 1230 1570 1312; x_wconf 80' lang='lat' dir='ltr'>sumpsisti.</span> 
     </span>
     <span class='ocr_line' id='line_1_14' title="bbox 173 1304 1510 1393; baseline 0.004 -27"><span class='ocrx_word' id='word_1_101' title='bbox 173 1304 387 1379; x_wconf 85' lang='lat' dir='ltr'>multa,</span> <span class='ocrx_word' id='word_1_102' title='bbox 418 1309 466 1365; x_wconf 88' lang='lat' dir='ltr'>si</span> <span class='ocrx_word' id='word_1_103' title='bbox 484 1306 707 1368; x_wconf 84' lang='lat' dir='ltr'>fateris:</span> <span class='ocrx_word' id='word_1_104' title='bbox 735 1307 832 1368; x_wconf 86' lang='lat' dir='ltr'>vel</span> <span class='ocrx_word' id='word_1_105' title='bbox 847 1353 866 1381; x_wconf 90' lang='lat'><strong>,</strong></span> <span class='ocrx_word' id='word_1_106' title='bbox 887 1311 934 1367; x_wconf 90' lang='lat' dir='ltr'>si</span> <span class='ocrx_word' id='word_1_107' title='bbox 951 1330 1130 1391; x_wconf 80' lang='lat' dir='ltr'>negas</span> <span class='ocrx_word' id='word_1_108' title='bbox 1148 1357 1168 1383; x_wconf 84' lang='lat'>‚</span> <span class='ocrx_word' id='word_1_109' title='bbox 1188 1310 1510 1393; x_wconf 87' lang='lat' dir='ltr'>surripuisti.</span> 
     </span>
    </p>

    <p class='ocr_par' dir='ltr' id='par_1_6' title="bbox 172 1385 1671 2278">
     <span class='ocr_line' id='line_1_15' title="bbox 255 1385 1554 1464; baseline 0.005 -18"><span class='ocrx_word' id='word_1_110' title='bbox 255 1403 362 1464; x_wconf 87' lang='lat'>77.</span> <span class='ocrx_word' id='word_1_111' title='bbox 404 1385 562 1448; x_wconf 88' lang='lat' dir='ltr'>Cum</span> <span class='ocrx_word' id='word_1_112' title='bbox 602 1389 719 1449; x_wconf 89' lang='lat' dir='ltr'>hoc</span> <span class='ocrx_word' id='word_1_113' title='bbox 761 1386 1018 1455; x_wconf 54' lang='lat' dir='ltr'>Catone,</span> <span class='ocrx_word' id='word_1_114' title='bbox 1074 1392 1371 1454; x_wconf 85' lang='lat' dir='ltr'>randiores</span> <span class='ocrx_word' id='word_1_115' title='bbox 1414 1409 1554 1452; x_wconf 88' lang='lat' dir='ltr'>natu</span> 
     </span>
     <span class='ocr_line' id='line_1_16' title="bbox 174 1411 1566 1552; baseline 0.001 -25"><span class='ocrx_word' id='word_1_116' title='bbox 174 1464 410 1528; x_wconf 73' lang='lat' dir='ltr'>fuerunt</span> <span class='ocrx_word' id='word_1_117' title='bbox 472 1466 548 1530; x_wconf 88' lang='lat' dir='ltr'>C.</span> <span class='ocrx_word' id='word_1_118' title='bbox 593 1468 903 1531; x_wconf 83' lang='lat' dir='ltr'>Flaminius</span> <span class='ocrx_word' id='word_1_119' title='bbox 941 1514 975 1542; x_wconf 71' lang='lat'><strong>,</strong></span> <span class='ocrx_word' id='word_1_120' title='bbox 1030 1411 1107 1531; x_wconf 57' lang='grc' dir='ltr'>Ξῖ.</span> <span class='ocrx_word' id='word_1_121' title='bbox 1158 1474 1350 1535; x_wconf 86' lang='lat' dir='ltr'>Varro</span> <span class='ocrx_word' id='word_1_122' title='bbox 1385 1517 1404 1546; x_wconf 87' lang='lat'><strong>,</strong></span> <span class='ocrx_word' id='word_1_123' title='bbox 1464 1471 1566 1552; x_wconf 14' lang='lat' dir='ltr'>Q..</span> 
     </span>
     <span class='ocr_line' id='line_1_17' title="bbox 177 1546 1554 1630; baseline 0.003 -22"><span class='ocrx_word' id='word_1_124' title='bbox 177 1546 474 1609; x_wconf 82' lang='lat' dir='ltr'>Maximus</span> <span class='ocrx_word' id='word_1_125' title='bbox 499 1595 535 1624; x_wconf 35' lang='grc' dir='ltr'>ᾗ</span> <span class='ocrx_word' id='word_1_126' title='bbox 574 1550 671 1630; x_wconf 76' lang='lat' dir='ltr'>Q.</span> <span class='ocrx_word' id='word_1_127' title='bbox 705 1550 984 1612; x_wconf 89' lang='lat' dir='ltr'>Metellus</span> <span class='ocrx_word' id='word_1_128' title='bbox 1023 1595 1043 1625; x_wconf 91' lang='lat'>‚</span> <span class='ocrx_word' id='word_1_129' title='bbox 1098 1549 1179 1610; x_wconf 87' lang='lat' dir='ltr'>P..</span> <span class='ocrx_word' id='word_1_130' title='bbox 1218 1551 1496 1613; x_wconf 88' lang='lat' dir='ltr'>Lentulus</span> <span class='ocrx_word' id='word_1_131' title='bbox 1534 1597 1554 1625; x_wconf 92' lang='lat'>‚</span> 
     </span>
     <span class='ocr_line' id='line_1_18' title="bbox 173 1628 1554 1713; baseline 0.002 -22"><span class='ocrx_word' id='word_1_132' title='bbox 173 1628 242 1691; x_wconf 90' lang='lat' dir='ltr'>P.</span> <span class='ocrx_word' id='word_1_133' title='bbox 291 1628 570 1706; x_wconf 53' lang='lat' dir='ltr'>Crassus„</span> <span class='ocrx_word' id='word_1_134' title='bbox 623 1634 721 1713; x_wconf 89' lang='lat' dir='ltr'>qui</span> <span class='ocrx_word' id='word_1_135' title='bbox 767 1653 900 1693; x_wconf 85' lang='lat' dir='ltr'>cum</span> <span class='ocrx_word' id='word_1_136' title='bbox 937 1631 1229 1713; x_wconf 76' lang='lat' dir='ltr'>superiore</span> <span class='ocrx_word' id='word_1_137' title='bbox 1268 1632 1554 1694; x_wconf 82' lang='lat' dir='ltr'>Africano</span> 
     </span>
     <span class='ocr_line' id='line_1_19' title="bbox 175 1709 1557 1797; baseline 0.002 -24"><span class='ocrx_word' id='word_1_138' title='bbox 175 1711 375 1773; x_wconf 85' lang='lat' dir='ltr'>consul</span> <span class='ocrx_word' id='word_1_139' title='bbox 421 1710 551 1772; x_wconf 83' lang='lat' dir='ltr'>fuit.</span> <span class='ocrx_word' id='word_1_140' title='bbox 612 1709 819 1794; x_wconf 88' lang='lat' dir='ltr'>Ipsum·</span> <span class='ocrx_word' id='word_1_141' title='bbox 845 1712 938 1773; x_wconf 85' lang='lat' dir='ltr'>Sc&#39;</span> <span class='ocrx_word' id='word_1_142' title='bbox 984 1716 1183 1774; x_wconf 79' lang='lat' dir='ltr'>ionem</span> <span class='ocrx_word' id='word_1_143' title='bbox 1227 1717 1557 1797; x_wconf 86' lang='lat' dir='ltr'>accepimus</span> 
     </span>
     <span class='ocr_line' id='line_1_20' title="bbox 174 1735 1577 1876; baseline 0.003 -22"><span class='ocrx_word' id='word_1_144' title='bbox 174 1814 302 1854; x_wconf 85' lang='lat' dir='ltr'>non</span> <span class='ocrx_word' id='word_1_145' title='bbox 340 1791 625 1854; x_wconf 82' lang='lat' dir='ltr'>infantem</span> <span class='ocrx_word' id='word_1_146' title='bbox 666 1792 864 1855; x_wconf 89' lang='lat' dir='ltr'>fuisse:</span> <span class='ocrx_word' id='word_1_147' title='bbox 905 1735 1053 1854; x_wconf 43' lang='lat' dir='ltr'>illius</span> <span class='ocrx_word' id='word_1_148' title='bbox 1097 1795 1334 1876; x_wconf 78' lang='lat' dir='ltr'>quidem</span> <span class='ocrx_word' id='word_1_149' title='bbox 1377 1792 1503 1874; x_wconf 82' lang='lat' dir='ltr'>ejus</span> <span class='ocrx_word' id='word_1_150' title='bbox 1537 1840 1577 1869; x_wconf 91' lang='lat'>,.</span> 
     </span>
     <span class='ocr_line' id='line_1_21' title="bbox 172 1874 1557 1956; baseline 0.001 -21"><span class='ocrx_word' id='word_1_151' title='bbox 172 1877 260 1947; x_wconf 86' lang='lat' dir='ltr'>is,</span> <span class='ocrx_word' id='word_1_152' title='bbox 293 1877 389 1954; x_wconf 87' lang='lat' dir='ltr'>qui</span> <span class='ocrx_word' id='word_1_153' title='bbox 420 1874 572 1935; x_wconf 89' lang='lat' dir='ltr'>hunc</span> <span class='ocrx_word' id='word_1_154' title='bbox 602 1877 896 1937; x_wconf 75' lang='lat' dir='ltr'>minorem</span> <span class='ocrx_word' id='word_1_155' title='bbox 927 1874 1266 1956; x_wconf 80' lang='lat' dir='ltr'>Scipionem</span> <span class='ocrx_word' id='word_1_156' title='bbox 1303 1898 1338 1936; x_wconf 91' lang='lat' dir='ltr'>a</span> <span class='ocrx_word' id='word_1_157' title='bbox 1372 1875 1557 1936; x_wconf 89' lang='lat' dir='ltr'>Paulo</span> 
     </span>
     <span class='ocr_line' id='line_1_22' title="bbox 179 1955 1564 2040; baseline 0.001 -24"><span class='ocrx_word' id='word_1_158' title='bbox 179 1955 538 2036; x_wconf 65' lang='lat' dir='ltr'>adoptavit,</span> <span class='ocrx_word' id='word_1_159' title='bbox 594 1958 641 2015; x_wconf 89' lang='lat' dir='ltr'>si</span> <span class='ocrx_word' id='word_1_160' title='bbox 678 1976 930 2037; x_wconf 87' lang='lat' dir='ltr'>corpore</span> <span class='ocrx_word' id='word_1_161' title='bbox 979 1955 1238 2019; x_wconf 85' lang='lat' dir='ltr'>valuiffet</span> <span class='ocrx_word' id='word_1_162' title='bbox 1258 2003 1283 2030; x_wconf 87' lang='lat'>,</span> <span class='ocrx_word' id='word_1_163' title='bbox 1337 1960 1397 2017; x_wconf 88' lang='lat' dir='ltr'>in</span> <span class='ocrx_word' id='word_1_164' title='bbox 1440 1959 1564 2040; x_wconf 88' lang='lat' dir='ltr'>pri-</span> 
     </span>
     <span class='ocr_line' id='line_1_23' title="bbox 172 2035 1671 2120; baseline 0.003 -24"><span class='ocrx_word' id='word_1_165' title='bbox 172 2039 283 2097; x_wconf 85' lang='lat' dir='ltr'>mis</span> <span class='ocrx_word' id='word_1_166' title='bbox 319 2037 546 2096; x_wconf 86' lang='lat' dir='ltr'>habitus</span> <span class='ocrx_word' id='word_1_167' title='bbox 581 2035 721 2099; x_wconf 80' lang='lat' dir='ltr'>effet</span> <span class='ocrx_word' id='word_1_168' title='bbox 757 2037 1016 2098; x_wconf 85' lang='lat' dir='ltr'>disertus.</span> <span class='ocrx_word' id='word_1_169' title='bbox 1077 2035 1343 2099; x_wconf 87' lang='lat' dir='ltr'>Indicant</span> <span class='ocrx_word' id='word_1_170' title='bbox 1377 2039 1559 2120; x_wconf 84' lang='lat' dir='ltr'>quum</span> <span class='ocrx_word' id='word_1_171' title='bbox 1667 2078 1671 2083; x_wconf 90' lang='lat'><em>-</em></span> 
     </span>
     <span class='ocr_line' id='line_1_24' title="bbox 176 2117 1596 2201; baseline 0 -22"><span class='ocrx_word' id='word_1_172' title='bbox 176 2118 554 2197; x_wconf 69' lang='lat' dir='ltr'>oratiunculaej</span> <span class='ocrx_word' id='word_1_173' title='bbox 575 2163 594 2193; x_wconf 86' lang='lat'><strong>,</strong></span> <span class='ocrx_word' id='word_1_174' title='bbox 619 2135 744 2178; x_wconf 90' lang='lat' dir='ltr'>tum</span> <span class='ocrx_word' id='word_1_175' title='bbox 765 2117 998 2179; x_wconf 83' lang='lat' dir='ltr'>historia</span> <span class='ocrx_word' id='word_1_176' title='bbox 1017 2121 1285 2201; x_wconf 79' lang='lat' dir='ltr'>quaedam</span> <span class='ocrx_word' id='word_1_177' title='bbox 1311 2117 1520 2181; x_wconf 80' lang='lat' dir='ltr'>Graeca</span> <span class='ocrx_word' id='word_1_178' title='bbox 1538 2150 1596 2195; x_wconf 66' lang='grc' dir='ltr'>,ῃ</span> 
     </span>
     <span class='ocr_line' id='line_1_25' title="bbox 173 2198 758 2278; baseline -0.005 -18"><span class='ocrx_word' id='word_1_179' title='bbox 173 2198 387 2278; x_wconf 81' lang='lat' dir='ltr'>scripta</span> <span class='ocrx_word' id='word_1_180' title='bbox 408 2198 758 2260; x_wconf 77' lang='lat' dir='ltr'>dulcissime.</span> 
     </span>
    </p>

    <p class='ocr_par' dir='ltr' id='par_1_7' title="bbox 172 2277 1581 2766">
     <span class='ocr_line' id='line_1_26' title="bbox 261 2277 1558 2362; baseline -0.001 -23"><span class='ocrx_word' id='word_1_181' title='bbox 261 2279 396 2343; x_wconf 82' lang='lat' dir='ltr'>XX.</span> <span class='ocrx_word' id='word_1_182' title='bbox 417 2279 475 2340; x_wconf 85' lang='lat' dir='ltr'>N</span> <span class='ocrx_word' id='word_1_183' title='bbox 476 2279 1039 2362; x_wconf 72' lang='lat' dir='ltr'>umeroqueeodem</span> <span class='ocrx_word' id='word_1_184' title='bbox 1056 2277 1162 2340; x_wconf 86' lang='lat' dir='ltr'>fuit</span> <span class='ocrx_word' id='word_1_185' title='bbox 1182 2277 1523 2340; x_wconf 81' lang='lat' dir='ltr'>Sex.AElius</span> <span class='ocrx_word' id='word_1_186' title='bbox 1537 2323 1558 2354; x_wconf 89' lang='lat'>,</span> 
     </span>
     <span class='ocr_line' id='line_1_27' title="bbox 172 2360 1562 2443; baseline -0.001 -23"><span class='ocrx_word' id='word_1_187' title='bbox 172 2360 315 2443; x_wconf 69' lang='lat' dir='ltr'>juris</span> <span class='ocrx_word' id='word_1_188' title='bbox 354 2362 589 2442; x_wconf 89' lang='lat' dir='ltr'>quidem</span> <span class='ocrx_word' id='word_1_189' title='bbox 625 2361 806 2425; x_wconf 80' lang='lat' dir='ltr'>civilis</span> <span class='ocrx_word' id='word_1_190' title='bbox 840 2362 1104 2425; x_wconf 83' lang='lat' dir='ltr'>omnium</span> <span class='ocrx_word' id='word_1_191' title='bbox 1142 2362 1516 2440; x_wconf 85' lang='lat' dir='ltr'>peritissimus</span> <span class='ocrx_word' id='word_1_192' title='bbox 1535 2405 1562 2436; x_wconf 86' lang='lat'><strong>,</strong></span> 
     </span>
     <span class='ocr_line' id='line_1_28' title="bbox 172 2438 1563 2523; baseline -0.001 -20"><span class='ocrx_word' id='word_1_193' title='bbox 172 2442 275 2503; x_wconf 80' lang='lat' dir='ltr'>sed</span> <span class='ocrx_word' id='word_1_194' title='bbox 300 2445 475 2503; x_wconf 88' lang='lat' dir='ltr'>etiam</span> <span class='ocrx_word' id='word_1_195' title='bbox 497 2442 571 2502; x_wconf 86' lang='lat' dir='ltr'>ad</span> <span class='ocrx_word' id='word_1_196' title='bbox 596 2443 907 2503; x_wconf 88' lang='lat' dir='ltr'>dicendum</span> <span class='ocrx_word' id='word_1_197' title='bbox 935 2456 1211 2523; x_wconf 70' lang='lat' dir='ltr'>pau-atus..¹</span> <span class='ocrx_word' id='word_1_198' title='bbox 1231 2438 1333 2501; x_wconf 91' lang='lat' dir='ltr'>De</span> <span class='ocrx_word' id='word_1_199' title='bbox 1362 2443 1563 2501; x_wconf 80' lang='lat' dir='ltr'>mino·-</span> 
     </span>
     <span class='ocr_line' id='line_1_29' title="bbox 172 2520 1562 2603; baseline 0.001 -19"><span class='ocrx_word' id='word_1_200' title='bbox 172 2523 349 2592; x_wconf 28' lang='lat' dir='ltr'>ribus.</span> <span class='ocrx_word' id='word_1_201' title='bbox 383 2540 577 2585; x_wconf 87' lang='lat' dir='ltr'>autem</span> <span class='ocrx_word' id='word_1_202' title='bbox 603 2568 623 2598; x_wconf 91' lang='lat'>‚</span> <span class='ocrx_word' id='word_1_203' title='bbox 686 2522 762 2585; x_wconf 89' lang='lat' dir='ltr'>C.</span> <span class='ocrx_word' id='word_1_204' title='bbox 804 2523 904 2584; x_wconf 88' lang='lat' dir='ltr'>Sul</span> <span class='ocrx_word' id='word_1_205' title='bbox 932 2526 1090 2603; x_wconf 37' lang='lat' dir='ltr'>„icius</span> <span class='ocrx_word' id='word_1_206' title='bbox 1137 2520 1345 2583; x_wconf 82' lang='lat' dir='ltr'>Gallus</span> <span class='ocrx_word' id='word_1_207' title='bbox 1380 2567 1399 2595; x_wconf 88' lang='lat'>‚</span> <span class='ocrx_word' id='word_1_208' title='bbox 1460 2525 1562 2603; x_wconf 81' lang='lat' dir='ltr'>qui</span> 
     </span>
     <span class='ocr_line' id='line_1_30' title="bbox 173 2600 1563 2669; baseline -0.002 -1"><span class='ocrx_word' id='word_1_209' title='bbox 173 2605 429 2669; x_wconf 71' lang='lat' dir='ltr'>maxime</span> <span class='ocrx_word' id='word_1_210' title='bbox 463 2608 725 2665; x_wconf 89' lang='lat' dir='ltr'>omnium</span> <span class='ocrx_word' id='word_1_211' title='bbox 767 2604 912 2665; x_wconf 89' lang='lat' dir='ltr'>nobi</span> <span class='ocrx_word' id='word_1_212' title='bbox 934 2607 1052 2664; x_wconf 88' lang='lat' dir='ltr'>ium</span> <span class='ocrx_word' id='word_1_213' title='bbox 1090 2600 1314 2664; x_wconf 83' lang='lat' dir='ltr'>Graecis</span> <span class='ocrx_word' id='word_1_214' title='bbox 1354 2601 1563 2665; x_wconf 78' lang='lat' dir='ltr'>litteris</span> 
     </span>
     <span class='ocr_line' id='line_1_31' title="bbox 173 2681 1581 2766; baseline -0.004 -15"><span class='ocrx_word' id='word_1_215' title='bbox 173 2685 430 2761; x_wconf 81' lang='lat' dir='ltr'>studuit,</span> <span class='ocrx_word' id='word_1_216' title='bbox 463 2685 619 2766; x_wconf 88' lang='lat' dir='ltr'>isque</span> <span class='ocrx_word' id='word_1_217' title='bbox 656 2686 720 2747; x_wconf 70' lang='grc' dir='ltr'>ὅ(</span> <span class='ocrx_word' id='word_1_218' title='bbox 756 2701 1055 2744; x_wconf 87' lang='lat' dir='ltr'>oratorum</span> <span class='ocrx_word' id='word_1_219' title='bbox 1092 2685 1150 2742; x_wconf 88' lang='lat' dir='ltr'>in</span> <span class='ocrx_word' id='word_1_220' title='bbox 1189 2702 1434 2743; x_wconf 87' lang='lat' dir='ltr'>numero</span> <span class='ocrx_word' id='word_1_221' title='bbox 1473 2681 1581 2747; x_wconf 73' lang='lat' dir='ltr'>est·-</span> 
     </span>
    </p>
   </div>
   <div class='ocr_carea' id='block_1_5' title="bbox 171 2763 1585 2852">
    <p class='ocr_par' dir='ltr' id='par_1_8' title="bbox 171 2763 1585 2852">
     <span class='ocr_line' id='line_1_32' title="bbox 171 2763 1585 2852; baseline -0.005 -18"><span class='ocrx_word' id='word_1_222' title='bbox 171 2768 404 2834; x_wconf 80' lang='lat' dir='ltr'>habitus</span> <span class='ocrx_word' id='word_1_223' title='bbox 426 2813 448 2846; x_wconf 89' lang='lat'>‚</span> <span class='ocrx_word' id='word_1_224' title='bbox 508 2768 573 2834; x_wconf 84' lang='lat'>&amp;</span> <span class='ocrx_word' id='word_1_225' title='bbox 596 2767 703 2830; x_wconf 77' lang='lat' dir='ltr'>fuit</span> <span class='ocrx_word' id='word_1_226' title='bbox 729 2765 961 2852; x_wconf 77' lang='lat' dir='ltr'>reliquis</span> <span class='ocrx_word' id='word_1_227' title='bbox 995 2763 1166 2829; x_wconf 83' lang='lat' dir='ltr'>rebus</span> <span class='ocrx_word' id='word_1_228' title='bbox 1200 2782 1436 2829; x_wconf 71' lang='lat' dir='ltr'>ornatus</span> <span class='ocrx_word' id='word_1_229' title='bbox 1470 2781 1585 2837; x_wconf 44' lang='lat' dir='ltr'>att-„m</span> 
     </span>
    </p>
   </div>
  </div>
 </body>
</html>
