2017 3634
481 269 642 355 ‘344
786 255 943 329 D'E
1010 243 1577 329 OnAronss'

479 373 836 447 verborum,
874 393 1002 454 quae
1048 372 1215 434 volvi
1246 392 1366 432 uno
1405 371 1597 454 spiritu
1639 372 1835 455 potest.

481 455 602 517 Sed
620 455 709 516 hic
727 471 943 515 naturae
968 453 1182 514 modus
1203 451 1284 514 est
1300 498 1321 528 ,
1345 457 1480 514 artis
1499 456 1659 516 alius.
1695 455 1837 517 Nam

482 557 660 617 quum
689 538 801 596 sint
825 538 1053 597 numeri
1072 535 1265 616 plures
1285 580 1306 609 ,
1331 534 1622 611 iambum,
1651 536 1715 597 &
1733 553 1842 611 tro-

477 617 704 677 chaeum
755 616 1126 697 frequentem
1181 614 1442 698 segregat
1492 617 1566 677 ab
1620 636 1839 679 oratore

479 695 829 761 Aristoteles
850 742 870 772 ‚
924 694 1137 758 Catule
1159 740 1179 771 ,
1228 695 1458 771 vester3
1506 701 1605 780 qui
1656 698 1841 758 natura

480 795 682 841 tamen
708 781 1003 839 incurrunt
1029 780 1137 860 ipsi
1156 780 1215 838 in
1237 782 1599 853 orationem3
1633 778 1843 840 sermo-

475 881 739 942 nemque
775 857 1073 921 nostrum:
1115 857 1215 920 sed
1258 857 1383 919 sunt
1426 861 1679 943 insignes
1718 881 1844 942 per·-

482 945 778 1003 cussiones
827 961 1033 1001 eorum
1078 958 1452 1000 numerorum
1481 984 1501 1015 ,
1552 942 1616 1001 &
1656 942 1845 1001 minuti

482 1022 689 1107 pedes.
727 1021 930 1102 Quare
952 1023 1204 1102 primum
1231 1018 1305 1080 ad
1323 1019 1569 1083 heroum
1588 1043 1701 1082 nos
1725 1021 1844 1081 dac-

484 1103 638 1181 tyli,
681 1104 745 1163 &
782 1100 1092 1183 anapaesti,
1137 1102 1203 1162 &
1236 1100 1480 1183 spondei
1504 1102 1728 1183 pedem
1760 1104 1845 1162 in·-

485 1186 673 1257 vitat3
717 1184 776 1243 in
811 1205 928 1266 quo
966 1184 1204 1264 impune
1243 1181 1517 1265 progredi
1563 1184 1702 1247 licet
1743 1184 1843 1242 duo

467 1264 768 1326 duntaxat
801 1264 984 1346 pedes
1003 1309 1025 1339 ‚
1060 1280 1156 1323 aut
1186 1264 1360 1345 paulo
1392 1265 1556 1345 plus,
1586 1285 1664 1325 ne
1690 1264 1844 1346 plane

486 1348 548 1405 in
574 1345 807 1407 versum
827 1390 846 1419 ‚
896 1361 993 1405 aut
1030 1344 1461 1406 similitudinem
1492 1344 1692 1408 versus
1725 1347 1848 1405 inci-

490 1428 714 1488 damus.
763 1425 918 1487 Aliae
946 1425 1073 1486 sunt
1110 1428 1392 1508 geminae,
1417 1427 1623 1507 quibus
1661 1427 1722 1486 hi
1744 1445 1846 1486 tres

486 1508 654 1569 heroi
696 1507 880 1590 pedes
916 1509 975 1567 in
1018 1509 1292 1588 principia
1333 1507 1848 1570 continuandorum

487 1590 809 1652 verborum
829 1588 958 1648 satis
978 1588 1194 1650 decore
1218 1586 1451 1648 cadunt.

585 1669 713 1749 183.
759 1669 1042 1730 Probatur
1062 1685 1257 1731 autem
1282 1670 1355 1728 ab
1385 1668 1603 1731 eodem
1621 1669 1724 1730 illo
1743 1689 1850 1730 ma·

489 1750 646 1812 xime
694 1771 904 1832 paeon3
952 1751 1050 1832 qui
1088 1747 1171 1810 est
1205 1749 1439 1831 duplex.
1504 1748 1664 1812 Nam
1704 1766 1793 1810 aut
1819 1771 1849 1809 a

488 1831 669 1913 longa
690 1833 868 1892 oritur
885 1876 904 1905 ,
930 1852 1104 1911 quam
1132 1844 1248 1892 tres
1271 1830 1485 1893 breves
1503 1831 1849 1914 consequun-

488 1926 584 1971 tur
599 1956 622 1983 ,
652 1924 716 1971 ut'
739 1911 870 1973 haec
899 1912 1118 1982 verba,
1145 1913 1411 1983 desinite,
1437 1914 1701 1994 incipite,
1724 1932 1852 1973 com-

477 1993 703 2075 primite
737 2014 756 2053 .-
815 2009 910 2052 aut
941 2014 976 2051 a
1015 1992 1288 2054 brevibus
1326 1992 1604 2074 deinceps
1639 1994 1848 2066 tribus,

490 2073 754 2135 extremit
787 2071 1071 2154 produffll
1093 2117 1112 2147 ‚
1153 2091 1325 2154 atque
1348 2072 1563 2155 longa,
1604 2073 1850 2135 sicutilla

487 2151 654 2226 sunt,
682 2157 1032 2226 domuerant,
1048 2153 1360 2236 fimipedes.
1408 2153 1608 2235 Atque
1632 2154 1713 2215 illi
1736 2155 1852 2237 phi-

489 2235 743 2316 losopho
782 2235 957 2296 ordiri
993 2231 1183 2316 placet
1221 2257 1256 2294 a
1289 2234 1580 2315 superiore
1655 2255 1851 2309 aeone,

433 2384 436 2389 ‚
491 2314 814 2398 posteriore
845 2315 1030 2377 finire.
1075 2313 1173 2375 Est
1201 2333 1396 2395 autem
1419 2337 1590 2396 paeon
1654 2320 1706 2376 ’c
1727 2337 1852 2399 pos-

461 2400 673 2471 ‘terior
696 2420 818 2458 non
833 2396 1181 2477 syllabarum
1200 2417 1445 2457 numero
1464 2442 1483 2471 ,
1520 2395 1619 2461 sed
1645 2401 1851 2457 aurium

492 2478 761 2540 mensuri
779 2523 798 2553 ‚
839 2477 999 2558 quod
1027 2474 1109 2542 est
1132 2480 1312 2537 acrius
1337 2475 1613 2558 judicium
1644 2479 1708 2539 &
1731 2499 1850 2538 cer-

491 2561 607 2620 tius
626 2604 645 2634 ‚
675 2581 779 2640 par
798 2557 920 2621 fere
944 2555 1182 2619 Cretico
1196 2603 1215 2634 ,
1251 2561 1349 2642 qui
1365 2555 1447 2622 est
1468 2579 1541 2620 ex
1559 2558 1742 2643 longa
1757 2605 1776 2634 ‚
1797 2558 1854 2627 &

492 2641 693 2716 brevi,
725 2639 789 2705 ὃ(
810 2639 987 2724 longa
1006 2661 1026 2714 3
1061 2656 1160 2716 ut,

496 2791 630 2862 Quid
648 2804 811 2860 petam
832 2791 1024 2863 praesidi
1043 2826 1057 2853 2
1093 2804 1176 2844 aut
1204 2791 1436 2860 exsequar
1458 2778 1480 2842 ἒ
1515 2788 1675 2861 quove
1694 2785 1854 2850 nune}
