2017 3634
457 297 1148 381 Ltnssnll„
1340 292 1485 394 185

113 410 328 494 inquit,
375 411 593 477 Catule
627 459 648 489 ‚
706 412 868 495 deus-
942 413 1087 476 Non
1145 414 1487 478 mehercule
1545 446 1552 459 ·

117 496 245 554 mihi
263 539 283 567 ‚
310 497 424 559 nisi
453 496 760 557 admonito
783 541 802 571 ‚
834 495 1080 558 veniss‘et
1102 499 1162 556 in
1185 516 1448 559 mentem
1463 517 1487 558 e

116 592 174 635 ut
197 579 391 658 possis
428 575 751 638 existimare
769 622 789 652 ‚
816 596 916 638 me
946 580 1010 637 in
1037 597 1106 639 ea
1126 620 1147 652 ‚
1182 579 1486 661 inquibus

114 676 550 739 nonnumquam
586 658 803 740 aliquid
834 657 1072 719 efficere
1102 658 1312 726 videor
1330 705 1350 733 ‚
1386 659 1487 721 usu

112 733 287 800 solere
316 741 379 798 in
424 740 682 800 dicendo
701 785 721 813 ‚
751 738 854 801 vel
887 738 1019 799 casu
1060 742 1258 820 potihs
1288 744 1488 803 incur-'-

111 838 253 880 tere.
310 819 410 880 Ac
430 841 528 881 res
555 820 797 902 quidem
814 816 949 893 ista,
976 838 1153 901 quam
1171 838 1286 902 ego
1307 866 1327 894 ‚
1430 824 1492 884 ia

112 918 227 959 uon
265 922 483 961 noram
515 946 537 973 ‚
589 904 672 961 sic
718 918 1016 981 tamquam
1056 896 1327 983 ignotum
1405 924 1488 962 0·-

117 981 321 1041 minem
382 981 754 1064 praeteribam
792 1026 811 1055 ‚
879 984 1108 1041 tanthm
1167 979 1364 1062 potest
1424 986 1483 1044 in

114 1059 356 1123 dicendo
396 1109 419 1139 ,
483 1080 549 1123 ut
605 1062 681 1125 ad
731 1062 1090 1126 vincendum
1137 1062 1296 1124 nulla
1351 1064 1484 1146 plus

119 1161 308 1223 posmt.

200 1223 325 1286 181.
369 1223 498 1286 Sed
524 1242 722 1285 tamen
751 1224 893 1285 mihi
922 1224 1137 1286 videris
1166 1241 1304 1287 ante
1334 1240 1488 1287 tem-
1551 1252 1558 1257 ¹

120 1323 218 1385 pus
249 1327 283 1365 a
314 1326 417 1367 me
453 1308 740 1367 rationem
767 1307 985 1366 ordinis
1006 1350 1028 1379 ‚
1072 1308 1137 1366 &
1167 1305 1487 1388 disponen-

122 1384 308 1446 darum
323 1408 524 1449 rerum
539 1385 846 1469 requisisse.
870 1386 1028 1447 Nam
1043 1390 1089 1445 si
1101 1406 1219 1469 ego
1241 1404 1485 1448 omnem

124 1468 233 1528 ³vim
262 1471 519 1529 oratotis
549 1471 608 1528 in
649 1470 1002 1551 argumentis
1025 1512 1048 1543 2
1089 1469 1153 1528 &
1182 1470 1240 1526 in
1276 1486 1342 1528 re
1369 1467 1487 1548 ipsa

128 1567 221 1626 per
254 1548 308 1609 se
355 1547 805 1629 comprobanda
846 1546 1202 1633 posuiffem-,
1251 1563 1488 1628 tempus

128 1626 249 1689 ess'et
277 1628 417 1709 jam·
433 1629 508 1690 de
539 1629 746 1691 ordine
772 1646 1290 1768 argumentorum-2,
1319 1626 1383 1689 δὲ
1409 1629 1486 1707 de

130 1709 505 1771 collocatione
559 1709 775 1791 aliquid
872 1714 1048 1772 icere.
1130 1709 1250 1770 Sed
1342 1731 1487 1773 uum

130 1792 222 1850 tria
250 1794 360 1852 sint
398 1814 436 1851 a
468 1811 570 1852 me
602 1793 940 1874 proposita,
977 1788 1056 1852 de
1085 1812 1204 1850 uno
1232 1790 1285 1850 d·
1347 1812 1487 1866 um;

130 1890 288 1950 quum
335 1872 415 1934 de
471 1871 703 1932 duobus
754 1872 985 1954 reliquis
1042 1872 1244 1932 dixero
1278 1917 1298 1945 ‚
1356 1889 1485 1933 tum

124 1952 228 2012 etit
261 1953 514 2035 denique
550 1952 629 2018 de
665 1952 1027 2039 disponenda
1056 1969 1184 2016 tota
1214 1955 1484 2019 oratione

132 2034 523 2112 querendum.-

204 2111 420 2178 XLIII,
462 2114 639 2175 Valet
667 2117 841 2198 igitur
870 2114 1121 2174 multtum
1141 2112 1217 2172 ad
1240 2116 1491 2175 vincen-

135 2191 294 2269 dum,
337 2196 577 2284 probati
609 2215 806 2257 mores
827 2241 847 2269 ‚
875 2192 1128 2255 instituta
1148 2238 1168 2266 ,
1211 2193 1278 2253 δι
1304 2194 1490 2270 fabia,

138 2272 197 2335 &
235 2278 419 2337 vitam
465 2296 711 2349 eorum,
755 2277 855 2356 qui
902 2292 1078 2356 agent
1123 2274 1318 2334 causas
1339 2321 1362 2346 ,
1418 2276 1490 2339 δι.

136 2372 324 2418 eorum
352 2403 374 2431 ‚
431 2377 541 2439 pro
580 2357 826 2439 quibus;
875 2355 942 2415 ὃ(
986 2356 1130 2416 item
1169 2356 1490 2436 improbati

134 2434 575 2499 adversariorum
607 2459 624 2497 ε
667 2433 1005 2518 animosque
1040 2455 1246 2498 eorum
1270 2481 1291 2510 ,
1332 2438 1490 2519 apud

132 2535 267 2596 qnos
300 2540 334 2578 a
376 2521 389 2535 ‘
457 2539 524 2593 r,
572 2517 867 2580 conciliari
912 2517 1088 2599 quam
1123 2518 1373 2578 maxime
1411 2518 1489 2580 ad

131 2535 596 2660 benevoffitiam
620 2620 801 2681 quum
833 2618 973 2679 erga
999 2615 1296 2659 oratorem
1314 2642 1333 2669 ,
1361 2615 1490 2659 tum

137 2695 263 2759 erga
288 2680 451 2741 illum
471 2723 491 2752 ‚
519 2701 631 2761 pro
657 2700 777 2762 quo
810 2678 965 2738 dicet
989 2696 1209 2738 orator.
1260 2676 1491 2739 Conci·-

134 2755 328 2820 liantur
351 2778 545 2823 autem
581 2762 758 2821 animi
785 2758 1061 2843 dignitate
1082 2759 1332 2819 hominis
1354 2803 1374 2833 ‚
1401 2778 1496 2819 re-

124 2835 233 2903 bus
287 2839 454 2930 gestis
473 2886 495 2918 ‚
546 2839 979 2911 existimatione
1016 2843 1196 2919 vitae3
1232 2856 1357 2929 quae
1396 2840 1497 2912 fae
