2017 3634
455 305 614 404 '388
738 304 913 376 DE
991 305 1548 375 CLAR1-s

471 482 478 489 ,
545 441 639 504 54.
680 420 968 499 Videmus
993 423 1135 481 item
1166 420 1364 501 paucis
1386 422 1551 480 annis
1581 416 1717 502 post
1742 435 1835 484 rei

451 524 554 586 ges
605 502 837 563 exactos
861 546 880 575 ,
937 522 1120 582 quum
1162 501 1366 581 plebes
1410 521 1602 583 prope
1649 505 1834 584 ripam

456 586 701 644 Anienis
736 582 811 643 ad
833 586 1070 643 tertium
1100 583 1426 642 milliarium
1447 581 1790 645 consediss‘et
1811 629 1833 659 ‚

449 685 705 747 eumque
729 680 998 725 montem
1015 709 1035 738 ,
1062 665 1160 744 qui
1181 662 1353 724 Sacer
1372 664 1696 744 appellatus
1718 664 1833 739 est,

449 744 843 829 occupavisset
860 790 879 820 ,
918 745 1009 806 M.
1037 744 1339 805 Valerium
1364 745 1712 806 diffitatorem
1738 746 1837 806 di-

450 828 646 894 cendo
674 825 949 889 sedaviss'e
983 825 1292 886 discordias
1317 870 1337 900 ‚
1370 828 1544 907 eique
1572 827 1658 886 ob
1703 847 1833 888 eam

446 931 578 971 rem
604 911 864 970 honores
887 908 1272 990 amplissimos
1299 906 1526 968 habitos
1544 952 1564 980 ,
1596 909 1669 979 ,ὃς
1698 929 1832 969 eum

449 994 707 1073 primum
741 991 821 1050 ob
864 988 1039 1051 eami
1084 987 1200 1048 sam
1239 988 1462 1048 causam
1502 988 1833 1051 Maximum

450 1068 568 1137 effe
608 1071 983 1153 appellatum.
1042 1011 1141 1130 Re
1171 1068 1241 1130 L.
1263 1068 1566 1130 Valerium
1596 1070 1831 1150 quidem

449 1151 710 1213 Potitum
743 1152 990 1212 arbitror
1025 1171 1148 1211 non
1193 1151 1407 1232 aliquid
1449 1149 1698 1231 potuisse
1741 1152 1835 1211 di·

449 1233 641 1294 cendo
669 1260 702 1309 ,-
731 1236 829 1316 qui
856 1231 985 1315 post
1023 1231 1473 1293 decemviralem
1511 1233 1833 1308 invidiam,

450 1315 693 1397 plebem
714 1318 773 1375 in
793 1331 982 1396 patres
1001 1315 1297 1374 incitatam
1315 1358 1335 1388 ,
1355 1313 1581 1395 legibus
1604 1314 1670 1374 &
1690 1335 1835 1378 con·

450 1398 716 1459 cionibus
750 1395 857 1456 suis
885 1396 1254 1478 mitigaverit.
1706 1438 1713 1444 -

485 1474 494 1479 ’
546 1498 639 1561 55.
682 1475 979 1538 Possumus
1019 1476 1285 1559 Appium
1313 1474 1629 1538 Claudium
1661 1474 1834 1559 suspi-

451 1563 573 1625 cari
613 1558 921 1634 disertum,
967 1561 1100 1640 quia
1139 1556 1395 1619 senatum
1424 1555 1546 1636 jam
1587 1558 1834 1619 inclina·

450 1658 580 1701 tum
605 1686 625 1715 ‚
664 1664 699 1701 a
733 1639 940 1721 Pyrrhi
983 1660 1131 1721 pace
1169 1641 1564 1701 revocaverit.
1626 1637 1835 1700 Poss‘u-

451 1743 582 1787 mus
622 1721 697 1784 C.
737 1721 1061 1783 Fabricium
1081 1765 1100 1794 ‚
1145 1722 1280 1802 quia
1325 1721 1396 1779 sit
1438 1718 1515 1778 ad
1542 1718 1832 1800 Pyrrhum

450 1803 530 1863 de
585 1804 824 1884 captivis
879 1800 1290 1884 recuperandis
1334 1797 1523 1860 miffus
1583 1817 1785 1863 orator
1814 1822 1832 1861 ε

448 1882 533 1944 T.
588 1883 1025 1944 Coruncanium
1061 1928 1081 1957 ‚
1189 1881 1308 1942 uod
1361 1902 1435 1942 ex
1484 1880 1834 1962 pontificum

450 1966 884 2025 commentariis
912 1964 1090 2046 longe
1122 1904 1431 2045 pciurimixm
1463 1964 1705 2044 ingenio
1726 1986 1837 2027 va-

448 2041 609 2110 luisse
633 2045 934 2123 videatur:
979 2045 1089 2105 Μ’.
1126 2044 1369 2121 Curium
1391 2089 1411 2118 ,
1448 2044 1612 2126 quod
1647 2047 1692 2104 is
1726 2048 1839 2106 tri·—

449 2127 642 2193 bunus
669 2126 857 2209 plebis
878 2172 898 2202 ,
932 2128 1226 2209 interrege
1249 2126 1455 2207 Appio
1485 2123 1668 2191 Caeco
1688 2171 1708 2200 ,
1738 2127 1838 2186 di-

448 2206 606 2271 serto
631 2208 873 2269 homine
889 2253 910 2284 ,
938 2209 1174 2270 comitia
1202 2225 1407 2267 contra
1432 2206 1594 2289 leges
1620 2206 1839 2269 haben·

451 2307 513 2361 te
532 2335 551 2363 ‚
589 2311 769 2372 quum
804 2289 880 2352 de
911 2290 1087 2372 plebe
1115 2286 1408 2356 consulem
1434 2309 1555 2347 non
1577 2290 1835 2369 accipie-

453 2371 607 2444 bat,
653 2389 846 2453 patres
887 2371 1022 2431 ante
1060 2369 1320 2431 auciores
1357 2367 1482 2445 fieri
1524 2373 1838 2451 coiigerit;

499 2452 622 2511 uod
671 2452 842 2592 fuerait
895 2454 1280 2532 permagnum
1308 2495 1328 2526 ,
1385 2450 1655 2513 nondum
1696 2450 1836 2534 lege

532 2533 675 2592 aenia
698 2534 776 2593 lat
817 2575 833 2592 .

544 2615 636 2695 56.
679 2613 846 2674 Licet
886 2611 1102 2695 aliquid
1130 2614 1323 2674 etiam
1367 2611 1441 2672 de
1482 2610 1576 2673 M.
1617 2610 1704 2672 Po
1753 2612 1841 2674 ilii

450 2695 701 2778 ingenio
717 2693 978 2778 suspicari
997 2713 1025 2775 ,”
1062 2697 1159 2776 qui
1196 2714 1374 2776 quum
1407 2691 1607 2753 consul
1647 2714 1679 2754 e
1730 2714 1839 2770 et,

454 2776 790 2859 {iidemque
815 2795 1107 2859 tempore
1149 2770 1484 2855 sacrificium
1530 2774 1847 2856 publicum

453 2878 594 2925 cum
615 2859 759 2924 laena
787 2856 1046 2939 faceret,²
1080 2852 1256 2941 ssquod
1280 2872 1405 2939 erat
1428 2856 1647 2921 flamen
1678 2853 1855 2927 Cat-2
