2017 3634
529 306 634 399 48
843 308 1000 375 Dz·
1068 304 1629 375 onim-ont:

527 424 589 485 id
609 422 882 486 facillime
900 469 921 500 ‚
962 440 1140 507 atque
1176 423 1543 483 ornatissime
1563 418 1763 484 facere
1783 418 1938 506 1505«

528 502 657 577 sunt
680 551 700 581 ‚
737 524 937 567 tamen
959 551 979 581 ‚
1018 506 1128 564 nisi
1160 503 1362 563 timide
1384 503 1458 563 ad
1486 503 1803 565 dicendum
1825 526 1927 564 ac-

529 586 748 648 cedunt
763 632 782 661 ‚
815 588 876 648 &
899 588 961 647 in
982 584 1265 647 ordienda
1286 588 1553 646 oratione
1574 586 1927 667 perturban-

531 682 660 742 tur,
691 688 846 748 pene
868 667 1243 749 impudentes
1263 665 1571 727 videntur:
1601 669 1839 728 tametsi
1855 666 1920 726 id

529 749 802 811 accidere
836 770 959 809 non
991 745 1228 844 potest.⁸
1819 788 1824 795 -
1891 764 1904 783 ¹

530 876 543 883 -
627 848 761 891 120.
801 829 889 890 Ut
912 849 1069 890 emm
1143 827 1337 909 uisque
1364 828 1590 908 optime
1619 828 1801 902 dicit,
1838 829 1921 889 ita

499 933 512 943 ‘
530 913 787 977 maxime
828 910 1068 971 dicendi
1102 851 1502 969 gjffieuitatem
1530 952 1556 981 ,
1606 908 1924 991 variosque

533 1010 781 1053 eventus
807 988 1124 1066 oratidnis,
1150 989 1259 1051 exs
1291 989 1641 1051 efiiationem
1726 989 1917 1051 e-ho-

534 1075 759 1147 minum
793 1071 1163 1154 pertimescit.
1219 1012 1345 1150 (gui
1376 1071 1522 1132 verb
1556 1071 1674 1131 nihi
1716 1069 1918 1152 potest

536 1153 778 1236 dignum
797 1173 859 1214 re
880 1197 900 1228 ‚
938 1153 1177 1235 dignum
1214 1153 1455 1211 nomine
1483 1156 1732 1214 oratoris
1755 1196 1776 1227 ‚
1813 1153 1922 1212 di-

534 1251 720 1316 gnum
770 1236 1076 1295 hominum
1122 1234 1353 1293 auribus
1402 1230 1636 1294 efficere
1656 1278 1676 1308 ‚
1734 1251 1918 1315 atque

538 1315 750 1390 edere,
778 1319 826 1377 is
859 1316 1032 1389 mihi,
1060 1316 1285 1376 etiamsi
1306 1331 1719 1376 commovetur
1737 1316 1798 1374 in
1823 1314 1920 1375 di·
2001 1344 2002 1371 ι

535 1396 734 1462 <endo
770 1442 790 1472 ‚
840 1413 1040 1457 tamen
1084 1394 1392 1476 impudens
1435 1396 1691 1456 videtur.
1765 1393 1915 1457 Non

537 1479 699 1540 enim
756 1477 995 1539 udendo
1018 1522 1037 1551 ,
1071 1476 1173 1538 sed
1189 1497 1313 1535 non
1327 1474 1600 1537 faciendo
1622 1476 1721 1550 id,
1744 1477 1915 1558 quod

538 1579 664 1633 ¹nou
708 1501 882 1624 ἐπεὶ
905 1605 926 1636 ,
974 1556 1350 1640 impudentia:
1390 1577 1613 1619 nomen
1646 1555 1912 1642 effugere

538 1639 845 1703 debemus,

629 1738 760 1780 121.
801 1718 1004 1800 Quem
1038 1719 1186 1781 verb
1224 1739 1349 1780 non
1384 1717 1569 1800 pudet
1603 1725 1631 1796 <
1648 1717 1710 1781 id
1743 1719 1914 1801 quod

536 1800 599 1860 iu
629 1798 915 1883 plerisque
939 1799 1153 1872 video)
1190 1799 1345 1860 hunc
1378 1819 1494 1883 ego
1535 1821 1660 1861 non
1706 1819 1915 1882 repre-

536 1880 822 1943 hensione
846 1880 1072 1955 solum,
1107 1880 1207 1942 sed
1240 1883 1418 1942 etiam
1451 1879 1628 1963 poeni
1665 1880 1915 1964 dignum

581 1979 708 2023 uto.
748 1960 1038 2044 Equidem
1077 1963 1143 2022 ἃ.
1166 1965 1227 2022 in
1244 1961 1419 2023 vobis
1444 1961 1917 2026 animadvertere

537 1982 703 2107 {oleo
721 2088 740 2117 ,
773 2044 839 2103 ἃ.
862 2046 922 2103 in
941 2063 1039 2104 me
1058 2041 1182 2124 ipso
1199 2040 1505 2123 saepissime
1518 2045 1826 2125 experior‘‚
1845 2061 1915 2105 ut

539 2123 899 2186 exalbescam
933 2125 993 2183 in
1026 2125 1317 2205 principiis
1347 2123 1620 2198 dicendi,
1671 2124 1738 2185 &
1781 2125 1917 2186 toti

539 2222 743 2267 mente
771 2222 942 2286 atque
978 2204 1248 2267 omnibus
1285 2205 1520 2265 artubus
1556 2207 1917 2266 contremis-

539 2304 693 2347 cam.
744 2284 1231 2347 Adolescentulus
1253 2286 1399 2346 verb
1422 2287 1504 2346 sic
1526 2287 1695 2346 initio
1728 2292 1936 2346 accu-'

538 2366 772 2429 sationis
800 2367 1156 2428 exanimatus
1180 2364 1302 2425 fizm
1320 2410 1340 2440 ‚
1377 2384 1441 2427 ut
1475 2366 1593 2428 hoc
1618 2364 1912 2427 summum

536 2445 886 2509 beneficium
928 2446 1017 2526 Q.
1058 2446 1326 2506 Maximo
1367 2447 1704 2520 debuerim,
1746 2448 1911 2529 qubd

577 2528 823 2588 ontinub
846 2527 1151 2587 consilium
1175 2525 1446 2590 dimiserit
1462 2573 1483 2603 ‚
1522 2530 1692 2589 simul
1719 2550 1790 2590 ac
1810 2549 1912 2591 me
1999 2592 2000 2595 ,

537 2548 781 2670 {metum
794 2653 817 2683 ‚
847 2629 913 2668 ac
931 2606 1296 2668 debilitatum
1315 2626 1477 2671 metu
1492 2609 1729 2671 viderit.

632 2708 759 2752 122.
806 2689 920 2750 Hic
950 2710 1158 2751 omnes
1185 2687 1386 2751 affensi
1405 2734 1425 2765 ‚
1468 2688 1790 2774 significare
1820 2692 1916 2751 in·-

538 2786 628 2835 ter
655 2769 808 2846 sese,
839 2772 904 2832 &
932 2771 1191 2851 colloqui
1218 2792 1309 2831 coe
1354 2787 1544 2833 erunt.
1590 2770 1722 2833 Fuit
1750 2774 1914 2832 euim

536 2850 809 2941 mififieus
833 2851 1071 2937 quidam
1098 2853 1160 2912 in
1187 2847 1274 2914 Cr
1353 2873 1392 2915 o
1420 2851 1653 2936 pudor,
1690 2855 1793 2938 qui
1825 2869 1917 2912 ta·
1995 2896 1996 2905 ,

1762 2952 1909 2996 men

544 2114 549 2123 n
