2017 3634
425 258 887 331 LIBER
955 263 1148 335 III.
1311 265 1470 361 283.

153 392 256 455 39.
283 372 411 436 Sed
426 375 617 437 omnis
632 375 916 456 loquendi
934 377 1242 460 elegantia,
1260 401 1467 462 quam-

71 478 249 540 quam
272 477 351 518 ex
398 455 572 516 olitur
601 455 832 523 scientia
866 458 1184 521 litterarum
1203 506 1224 536 ‚
1262 479 1465 523 tamen

72 555 320 622 augetur
372 537 612 619 egendis
636 538 962 599 oratoribus
988 542 1051 601 &
1068 544 1299 622 poetis:
1333 541 1463 604 sunt

72 624 229 681 enim
252 619 341 681 illi
367 635 601 685 veteres
623 665 642 693 ‚
679 622 778 699 qui
802 641 1013 683 ornare
1050 623 1314 685 nondum
1343 644 1465 705 po·-

73 716 265 763 terant
316 720 391 765 ea
423 744 445 774 ,
493 722 623 782 quae
662 701 976 774 dicebant,
1020 724 1227 765 omnes
1270 707 1460 786 prope

73 782 353 864 praeclare
369 780 551 843 locuti
568 803 588 855 3
615 802 868 863 quorum
885 781 1154 847 sermone
1175 782 1462 848 assuefacti

73 865 170 946 qui
204 878 421 937 erunt,
464 883 538 927 ne
580 865 881 943 cupientes
914 862 1157 945 'quidem
1182 882 1461 946 poterunt

73 945 276 1027 loqui,
306 945 418 1003 nisi
437 943 665 1005 Latine.
714 941 927 1025 Neque
949 961 1147 1009 tamen
1171 948 1280 1007 erit
1301 965 1470 1008 uten-

76 1027 217 1089 dum
246 1023 449 1086 verbis
474 1027 563 1099 iis,
590 1023 797 1105 quibus
813 1021 933 1103 jam
954 1026 1314 1089 consuetudo
1333 1049 1466 1089 nos-

74 1125 159 1168 tra
179 1127 307 1169 non
339 1108 550 1179 utitur,
582 1105 691 1169 nisi
717 1105 951 1187 quando
974 1108 1222 1170 ornandi
1261 1107 1460 1184 cauffi,

78 1189 257 1270 parce
275 1232 295 1261 ‚
324 1186 486 1268 quod
511 1185 843 1249 ostendam:
878 1186 979 1249 sed
999 1191 1219 1250 usitatis
1243 1191 1320 1251 ita
1347 1212 1461 1270 po·-

77 1271 211 1333 terit
249 1270 335 1328 uti
357 1312 379 1342 ‚
413 1266 731 1329 leuissimis
765 1284 830 1330 ut
862 1286 1056 1331 utatur
1078 1316 1098 1344 ‚
1139 1274 1185 1331 is
1208 1316 1227 1345 ,
1264 1275 1362 1352 qui
1399 1274 1468 1335 in

77 1351 380 1415 veteribus
413 1351 523 1413 erit
563 1349 782 1432 scriptis
818 1347 1071 1413 studiose
1109 1351 1176 1413 &
1211 1352 1460 1413 mulsum

81 1433 400 1495 volutatus·

159 1511 272 1575 XI.
317 1509 523 1592 Atque
554 1556 575 1584 ‚
612 1527 676 1573 ut
710 1509 913 1575 Latine
946 1511 1255 1592 loquamur
1279 1557 1299 1585 ‚
1339 1533 1468 1573 non

78 1593 267 1659 solum
301 1592 629 1656 videndum
661 1590 742 1656 est
764 1637 784 1665 ‚
823 1608 886 1657 ut
926 1592 991 1655 &
1032 1593 1216 1657 verba
1254 1589 1470 1657 effera-⁴.

80 1696 205 1735 mus
240 1695 354 1746 ea,
395 1695 524 1754 quae
562 1693 740 1734 nemo
778 1670 904 1751 jure
931 1673 1321 1754 reprehendat
1341 1695 1360 1747 3
1398 1675 1464 1737 δι

81 1775 147 1819 ea
183 1757 268 1817 sic
309 1755 378 1815 &
421 1753 644 1817 casibus
666 1797 686 1827 ,
725 1755 786 1817 &
815 1755 1217 1836 temporibus,
1255 1755 1320 1815 &
1359 1775 1464 1837 ge·-

82 1857 219 1899 nere
243 1881 262 1908 ,
297 1835 366 1895 &
388 1855 635 1897 numero
659 1833 1071 1898 conservemus
1093 1881 1115 1910 ,
1139 1851 1203 1897 ut
1226 1856 1303 1897 ne
1322 1836 1470 1916 quid

83 1917 489 1998 perturbatum
506 1961 526 1991 ,
551 1936 617 1976 ac
637 1915 991 1997 discrepans,
1018 1933 1115 1979 aut
1145 1913 1466 1998 praeposte-

84 2020 210 2062 rum
237 2000 357 2070 sit3
392 1996 492 2059 sed
523 1999 699 2059 etiam
726 1995 958 2080 lingua,
998 1998 1065 2065 δὲ
1087 1996 1310 2079 spiritus
1332 2042 1354 2072 ,
1397 1999 1462 2060 δε

86 2082 251 2143 vocis
275 2077 452 2139 sonus
480 2075 561 2140 est
579 2077 697 2158 ipse
717 2078 1132 2141 moderandus.

165 2179 268 2234 41.
313 2157 480 2221 Nolo
501 2161 746 2239 exprimi
764 2158 983 2220 litteras
1003 2159 1255 2239 putidius
1271 2205 1289 2232 ‚
1319 2158 1468 2220 nolo

89 2240 382 2304 obscurari
416 2240 801 2322 negligentius
830 2260 845 2299 ε
888 2239 1034 2300 nolo
1069 2240 1253 2299 verba
1295 2241 1470 2300 exili-

88 2336 175 2380 ter
203 2323 538 2383 exanimata
570 2323 726 2384 exire
749 2364 768 2394 ‚
806 2320 951 2381 nolo
977 2319 1176 2381 inflata
1206 2320 1269 2379 &
1304 2322 1470 2401 quasi

90 2403 365 2467 anhelata
390 2403 618 2484 gravius
654 2423 670 2463 ε
712 2421 851 2461 nam
895 2401 970 2461 de
1012 2420 1168 2465 voce
1200 2399 1468 2462 nondum

90 2500 158 2545 ea
182 2483 324 2547 dico
347 2527 367 2557 ,
400 2504 528 2564 quae
544 2481 671 2544 sunt
690 2481 927 2544 aflionis
942 2504 963 2557 3
991 2480 1093 2543 sed
1121 2480 1238 2543 hoc
1254 2526 1274 2555 ,
1304 2480 1470 2562 quod

88 2563 230 2623 mihi
263 2584 403 2625 cum
436 2561 705 2625 sermone
723 2565 885 2645 quasi
907 2560 1283 2640 conjunctum
1301 2562 1475 2623 vide·-

86 2659 198 2707 tur.
260 2643 408 2704 Sunt
437 2648 596 2706 enim
615 2661 770 2706 certa
787 2647 927 2706 vitia
944 2687 963 2716 ‚
993 2664 1124 2724 quae
1141 2663 1321 2703 nemo
1340 2641 1421 2703 est
1439 2686 1463 2716 ‚

89 2725 227 2805 quin
257 2722 519 2808 effugere
553 2727 786 2807 cupiat3
825 2725 1019 2787 mollis
1048 2743 1206 2794 vox,
1244 2738 1307 2782 ut
1332 2743 1470 2781 mu·-

89 2805 458 2955 Eebrissssault
478 2811 641 2894 quasi
669 2824 833 2873 extra
863 2805 1112 2871 modum
1142 2800 1356 2869 absona
1383 2821 1474 2868 at·

93 2907 203 2974 que
241 2910 274 2953 a
344 2909 409 2953 ur
452 2912 507 2955 a.

32 322 67 385 ἱ
