2017 3634
478 299 857 379 ORATo
888 324 999 382 λι
1035 333 1090 384 B
1122 334 1271 393 crs.
1399 330 1555 425 385

193 476 202 481 ,
235 416 364 492 ··46.
406 416 612 502 Itaque
635 423 715 482 ait
741 421 1121 506 Aristoteles,
1158 457 1376 518 quum,
1419 445 1557 508 sub.

169 492 306 558 latis
337 501 397 568 in
432 498 623 568 Sicilia
650 511 909 583 tyrannis
928 554 948 583 ,
974 533 1068 573 res
1100 520 1340 596 privatae
1366 526 1554 612 longo

173 578 489 640 intervallo
514 579 737 660 judiciis
774 606 1177 668 repeterentur
1198 644 1219 673 ‚
1264 620 1390 669 tum
1429 615 1557 690 pri-

173 661 381 732 mum,
414 663 574 743 quod
606 664 746 727 ess'et
772 686 939 730 acuta
973 674 1070 734 illa
1108 698 1251 759 gens
1293 686 1357 746 &
1398 711 1554 752 con-

172 741 436 813 troversa
468 746 705 820 natura,
742 766 928 812 artem
965 755 1027 815 &
1055 779 1346 844 praecepta
1385 769 1571 849 Sicu-5

171 820 303 898 los,
358 820 654 887 Coracem
700 828 766 889 &
807 828 1030 895 Tisiam
1056 882 1076 912 ,
1123 844 1549 929 conscripsisse:

172 923 310 963 nam
355 923 546 967 *antea
600 913 898 973 neminem
936 915 1176 982 solitum
1225 926 1323 988 via
1351 974 1371 1003 ,
1437 957 1552 997 nec

171 1001 340 1058 arte,
395 984 496 1047 se'd
524 994 789 1053 accurate
825 1010 1063 1074 tamen,
1106 1003 1168 1064 δι
1218 1006 1291 1068 de
1332 1010 1551 1101 scripto

169 1064 479 1147 plerosque
511 1070 738 1147 dicere3
762 1073 1104 1162 scriptasque
1128 1084 1328 1164 fuiffe,
1357 1094 1421 1154 ὅτ.
1486 1120 1549 1159 a-

169 1163 316 1209 r-atas
357 1169 390 1207 a
431 1147 749 1234 Protagora
784 1178 978 1219 rerum
1012 1163 1311 1230 illustrium
1353 1175 1410 1233 di
1436 1201 1549 1261 pu·-

169 1229 420 1288 tationes
440 1274 461 1303 ,
501 1253 630 1315 quae
666 1257 817 1296 nunc
852 1260 1196 1308 communes
1236 1256 1544 1336 appellan-

169 1324 257 1369 tur
285 1309 428 1371 loci.

244 1410 345 1464 47.
390 1390 580 1472 Quod
605 1395 765 1459 idem
779 1394 975 1463 fecisse
1001 1402 1287 1491 Gorgiam
1306 1459 1326 1489 ,
1360 1439 1542 1498 quum

168 1472 517 1554 singularum
547 1497 739 1539 rerum
777 1479 1014 1558 laudes,
1053 1491 1547 1570 vituperationes-

168 1571 279 1634 que
299 1553 754 1638 conscripsiss'et3
795 1564 955 1643 quod
970 1564 1253 1644 judicaret
1272 1576 1387 1638 hoc
1409 1600 1545 1644 ora-

164 1636 306 1699 toris
345 1634 459 1698 ess'e
500 1642 751 1701 maxime
782 1649 1125 1726 proprium,'
1166 1675 1290 1715 rem
1323 1681 1540 1744 augere

162 1714 325 1796 poffe
378 1718 672 1781 laudando
711 1767 731 1796 ,
793 1726 1302 1817 vituperandoque
1349 1743 1540 1807 rursus

157 1794 453 1878 affligere:
502 1799 635 1863 huic
659 1801 1089 1886 Antiphontem
1114 1813 1537 1889 Rhamnusium

157 1879 363 1938 similia
404 1881 669 1961 quaedam
705 1884 959 1950 habuiss'e
996 1893 1315 1980 conscripta
1339 1948 1358 1978 ‚
1407 1927 1533 1988 quo

154 1961 456 2021 neminem
502 1984 777 2046 umquam
819 1969 1045 2032 melitis*
1067 1977 1242 2040 ullam
1283 1987 1547 2052 oraviss'e·

151 2042 359 2122 capitis
389 2042 650 2120 cauiam,
684 2069 878 2129 quum‘
898 2051 958 2114 se
991 2055 1113 2136 ipse
1147 2059 1530 2146 defenderet,

146 2116 207 2184 se
242 2122 557 2264 Ξιᾶἱίεῐιῐε,
595 2127 861 2211 locuples
892 2134 1093 2197 auster
1125 2139 1341 2224 scripsit
1361 2147 1534 2212 Thu-

151 2224 186 2267 c
224 2262 228 2266 .
344 2226 426 2265 es,

166 2224 339 2357 ‚y48.
378 2284 535 2348 Nam
553 2288 792 2370 Lysiam
807 2294 1001 2374 primi>
1018 2298 1278 2378 profiteri
1297 2304 1528 2373 solitum

120 2377 339 2426 ‘artem
363 2365 477 2429 effe
506 2369 780 2447 dicendi;
823 2374 1037 2439 deinde
1056 2422 1077 2452 ,
1119 2384 1279 2463 quod
1312 2386 1545 2453 Theo-

141 2445 329 2508 dorus
385 2447 524 2511 effer
592 2454 654 2512 in
718 2471 841 2517 arte
893 2456 1153 2522 subtilior
1180 2507 1202 2538 ‚
1261 2467 1337 2527 in·
1383 2490 1564 2557 ora--

137 2527 407 2589 tionibus
449 2549 647 2593 autem
685 2531 985 2615 jejunior,
1040 2548 1333 2609 orationes
1381 2572 1522 2615 eum

134 2602 395 2671 scribere
442 2612 563 2672 aliis
603 2616 838 2696 coepiss'e
865 2663 890 2693 ‚
948 2638 1133 2684 artem
1167 2631 1477 2696 removisse
1498 2656 1517 2695 :

138 2691 410 2752 similiter
454 2691 766 2757 Isocratem
810 2701 1001 2778 primo
1047 2721 1230 2768 artem
1289 2711 1525 2778 dicendi

137 2770 257 2833 esse
297 2773 589 2854 negaviss'e
607 2821 627 2851 ‚
652 2777 897 2841 scribere
922 2799 1119 2844 autem
1146 2788 1264 2849 aliis
1286 2791 1522 2860 solitum

131 2853 447 2915 orationes
486 2901 507 2930 ,
564 2859 767 2940 quibus
805 2863 867 2949 iu
904 2859 1131 2953 judiciis
1182 2886 1524 3013 utfiremurg

230 2937 442 2999 Tomus
481 2939 565 3003 ll·
