2017 3634
440 223 550 298 '16
742 222 904 301 Da
975 221 1526 303 ΟιιΑτοιιε

440 340 713 403 homines
743 339 994 401 maxime
1026 334 1217 400 bestiis
1245 339 1516 422 praestent
1535 384 1555 415 ,
1597 337 1658 400 in
1694 336 1818 402 hoc

434 422 773 483 hominibus
816 423 954 503 ipsis
996 420 1354 482 antecellat?
1401 420 1489 483 Ut
1519 420 1668 484 verb
1692 417 1820 500 jam

438 502 519 563 ad
542 503 639 564 illa
654 502 874 563 summa
892 503 1195 563 veniamus
1222 522 1240 574 3
1275 523 1403 586 quae
1437 504 1526 564 vis
1557 502 1668 562 alia
1697 522 1821 583 po·

439 584 553 645 tuit
579 601 679 645 aut
705 581 984 666 dispersos
1010 582 1282 644 homines
1311 604 1490 644 unum
1526 583 1587 643 in
1613 582 1818 644 locixm

440 682 807 748 congregare
826 710 846 739 ,
877 680 976 724 aut
1003 684 1038 724 a
1063 661 1221 738 fera,
1258 663 1578 762 agrestique
1596 666 1720 726 vita
1739 661 1819 723 ad

433 743 600 806 ‘hunc
625 746 942 806 humanum
967 743 1186 804 cultum
1210 788 1230 817 ,
1268 745 1615 827 civilemque
1641 743 1823 806 dedu·-

440 838 580 887 ‘cere
597 871 618 901 ‚
642 843 740 887 aut
764 824 884 907 jam
901 824 1222 886 constitutis
1245 826 1569 890 civitatibus
1586 870 1606 900 ,
1629 824 1818 909 legen

372 976 377 987 Ι
439 903 654 990 iudicia
674 952 694 983 ,
733 905 859 988 jura
891 904 1252 967 describere?
1799 952 1808 957 .

440 1001 445 1007 ’
531 1006 628 1068 34.
659 986 756 1048 Ac
773 1033 793 1062 ‚
831 1006 907 1047 ne
983 986 1105 1046 lura
1121 1030 1140 1059 ,
1164 1006 1292 1067 quae
1310 985 1439 1048 sunt
1465 1005 1622 1069 pene
1639 988 1822 1047 imm«-

440 1069 742 1131 ‘merabilia
763 1112 782 1141 ,
813 1088 929 1129 con
953 1066 1109 1127 caer
1124 1111 1143 1141 ,
1169 1067 1670 1150 comprehendam
1683 1068 1822 1130 bre-

435 1151 552 1223 s'vi3
596 1151 679 1209 sic
702 1151 861 1210 enim
885 1146 1073 1208 statuo
1094 1193 1113 1222 ,
1140 1147 1385 1228 perfeffl
1411 1150 1658 1210 oratoris
1683 1169 1823 1209 mo·

434 1229 752 1291 deratione
796 1229 861 1290 &
899 1226 1219 1309 sapientia,
1259 1250 1382 1291 non
1421 1229 1607 1291 solinu
1640 1230 1821 1310 ipsius

444 1304 794 1393 dignitatem
825 1355 844 1384 ‚
896 1309 998 1370 sed
1039 1310 1105 1371 &
1135 1312 1501 1391 privatorum
1531 1311 1827 1393 plurimo·-

434 1410 576 1453 rum
594 1437 613 1466 ‚
657 1392 722 1453 &
763 1388 1040 1453 universae
1065 1391 1396 1471 reipublicae
1428 1390 1669 1453 salutem
1690 1412 1827 1465 ma-
1885 1408 1889 1412 ·

433 1473 604 1533 xime
651 1474 959 1534 contineri.
1002 1468 1431 1551 .Qi1amobrem
1454 1493 1559 1553 per
1600 1475 1678 1532 ite
1700 1516 1722 1545 ‚
1757 1488 1827 1533 ut

432 1549 670 1628 «facitis,
704 1553 1103 1615 adolescentes
1129 1573 1150 1625 ;
1183 1569 1357 1636 atque
1380 1557 1439 1612 in
1461 1551 1521 1612 id
1629 1552 1829 1628 dium,

431 1632 513 1693 in
536 1654 655 1715 quo
692 1632 861 1707 estis,
897 1631 1254 1705 incumbite,
1294 1651 1359 1694 ut
1398 1634 1463 1695 &
1501 1634 1672 1694 vobis
1710 1634 1829 1696 ho-

438 1715 582 1774 nori
598 1758 619 1788 ,
641 1715 704 1775 δι
721 1717 916 1775 amicis
936 1713 1201 1789 utilitati,
1222 1715 1288 1780 δε
1311 1713 1642 1795 reipublicae
1655 1734 1831 1777 emo-

436 1792 721 1856 ·lumento
746 1792 860 1856 esse
972 1795 1141 1854 ssitis.
1779 1852 1788 1859 ,

433 1900 451 1908 -
536 1874 646 1936 ΙΧ.
683 1875 842 1937 Tum
910 1874 1135 1936 caevola
1160 1876 1447 1950 comiter,
1481 1890 1546 1936 ut
1569 1874 1832 1952 solebat,

455 1941 707 2030 Cetera,
756 1958 942 2038 inquit
965 2000 986 2030 ,
1025 1952 1294 2016 assentior
1327 1953 1530 2016 Crasso
1552 2001 1571 2031 ,
1615 1977 1691 2018 ne
1730 1973 1832 2018 aut

430 2032 535 2098 ·de
564 2033 640 2098 C.
673 2036 868 2110 Laelii,
891 2034 1076 2098 soceri
1100 2038 1255 2109 mei,
1289 2052 1388 2097 aut
1416 2036 1490 2100 de
1518 2035 1687 2117 hujus
1716 2057 1832 2120 ge-

434 2119 583 2179 -neri
618 2134 716 2178 aut
744 2126 916 2193 :at-te,
969 2133 1068 2178 aut
1116 2116 1301 2199 gloria
1341 2116 1684 2178 detraham:
1729 2117 1831 2180 sed

434 2196 553 2271 «illa
589 2198 746 2271 duo,
788 2194 1027 2272 Crasse,
1065 2217 1322 2270 vereor,
1364 2214 1430 2258 ut
1469 2199 1577 2259 tibi
1605 2201 1832 2280 possim

436 2280 786 2341 -concedere
814 2301 832 2353 ;
885 2299 1066 2338 unum
1087 2322 1107 2351 ,
1159 2277 1320 2359 qubd
1374 2278 1449 2338 ab
1502 2279 1835 2341 oratoribus

440 2362 720 2421 civitates
765 2360 831 2420 &
875 2359 947 2420 ab
983 2361 1150 2419 initio
1174 2357 1542 2435 constitutas,
1586 2360 1651 2421 &
1677 2358 1832 2442 saepe

432 2439 825 2502 sunsei-vetas
862 2437 981 2501 effe
1018 2436 1201 2498 dixisti
1239 2461 1254 2499 z
1306 2440 1548 2502 alterum
1569 2485 1589 2515 ,
1631 2441 1795 2523 qubd
1812 2483 1833 2515 ,

409 2538 695 2582 ··remoto
722 2518 856 2582 foro
876 2564 895 2594 ,
918 2520 1249 2596 concione,
1290 2518 1516 2601 judiciis
1538 2565 1560 2596 ,
1596 2520 1835 2597 senatu,

440 2599 690 2664 ‹statuisti
709 2646 728 2675 ‚
767 2617 1066 2662 oratorem
1092 2602 1154 2661 in
1177 2604 1339 2663 omni
1371 2622 1587 2685 genere
1615 2601 1837 2666 sermo-

390 2754 395 2759 ,
458 2686 547 2747 nis
562 2724 585 2756 ,
606 2683 675 2743 δι.
696 2682 1064 2745 humanitatis
1093 2679 1206 2743 ess‘e
1227 2681 1568 2764 perfectum.

442 2800 461 2815 κ
543 2761 837 2848 36.Ωιιὶε·
855 2766 1013 2831 enim
1034 2763 1141 2826 tibi
1163 2764 1279 2828 hoc
1308 2762 1694 2843 concesserit,
1719 2780 1840 2858 ,ω
