2017 3634
517 246 670 349 382
782 248 962 316 DE
1045 244 1680 311 CLARIS·

513 366 741 425 animos
761 405 780 433 ,
816 379 937 419 non
970 355 1088 439 quii
1116 355 1543 438 perfringeret3
1580 356 1883 419 &tantum

514 462 584 506 ut
643 442 991 503 memoriam
1052 440 1455 498 concinnitatis
1520 437 1631 499 suae
1671 483 1690 512 ‚
1761 460 1884 499 non

521 525 550 607 (
643 520 1062 585 emadmodum
1091 519 1166 580 de
1193 518 1413 580 Pericle
1437 517 1656 601 scripsit
1681 519 1888 600 Eupo-

513 545 640 688 usq?
677 622 811 664 cum
862 599 1251 662 delectatione
1296 600 1532 661 aculeos
1571 602 1745 661 etiam
1791 620 1887 661 re-

512 688 593 748 lin
676 699 801 745 eret
828 684 887 743 in
924 682 1129 742 animis
1161 701 1366 742 eorum
1388 726 1409 756 ,
1449 702 1485 741 a
1511 683 1716 763 quibus
1749 679 1889 742 esset

513 788 592 829 au
633 768 765 826 itus.

601 846 683 909 X.
722 841 983 906 Videsne
1012 843 1218 925 igitur,
1249 858 1315 902 ut
1341 843 1401 901 in
1441 861 1512 903 ea
1547 841 1669 924 ipsa
1703 842 1886 917 urbe,

516 932 579 990 in
604 948 721 1012 qua
748 928 813 988 δι
838 940 969 986 nata
993 923 1060 984 δι
1083 923 1194 983 alta
1221 925 1301 995 sit,
1319 922 1693 1005 eloquentia,
1720 924 1885 1006 quim

522 1030 594 1072 ea
630 1008 758 1071 sero
783 1006 1063 1089 prodierit
1090 1008 1154 1065 in
1186 1003 1419 1064 lucem?
1456 1005 1747 1085 siquidem
1765 1021 1886 1065 ante

521 1090 755 1150 Solonis
790 1103 1021 1149 aetatem
1044 1130 1067 1159 ,
1115 1086 1180 1146 δι
1219 1082 1485 1144 Pisistrati
1509 1129 1530 1159 ,
1570 1085 1647 1146 de
1694 1085 1884 1158 nullo,

521 1187 586 1231 ut
622 1169 834 1231 diserto
854 1212 874 1242 ,
911 1168 1214 1228 memoriae
1242 1164 1536 1246 proditum
1570 1165 1677 1227 est.
1734 1166 1811 1227 At
1834 1166 1887 1225 hi

519 1252 762 1335 quidem
785 1295 804 1324 ‚
852 1266 918 1309 ut
948 1248 1156 1329 populi
1189 1246 1447 1307 Romani
1482 1261 1619 1307 aetas
1650 1245 1737 1308 est
1758 1293 1778 1322 ,
1808 1245 1888 1308 se·

524 1353 668 1394 nes:
700 1347 765 1391 ut
797 1330 1243 1391 Atheniensium
1266 1326 1458 1388 secula
1486 1347 1886 1401 numerantur,

519 1411 928 1475 adolescentes
959 1410 1179 1473 debent
1205 1407 1413 1469 videri.
1457 1404 1616 1468 Nam
1637 1411 1751 1469 etsi
1773 1408 1892 1469 Serb
1974 1420 1975 1477 f

525 1497 631 1556 vio
686 1493 889 1555 Tullio
941 1513 970 1551 r
1088 1506 1222 1551 ante
1279 1492 1589 1571 viguerunt
1620 1533 1644 1562 ,
1703 1506 1886 1549 tamen
1974 1540 1975 1543 ,

525 1575 715 1637 multo
747 1575 960 1635 diutius
1046 1572 1235 1632 thenae
1258 1567 1381 1649 jam
1399 1585 1562 1631 erant
1582 1614 1603 1644 ,
1623 1571 1799 1651 quhm
1816 1568 1887 1630 est
1974 1636 1975 1639 Ἴ

528 1656 725 1718 Roma
745 1656 817 1716 ad
839 1653 1187 1714 hodiernum
1205 1651 1398 1711 diem:
1433 1669 1542 1711 nec
1571 1667 1773 1712 tamen
1794 1650 1890 1710 du·
1974 1682 1975 1711 ;

528 1737 697 1834 δίῑοι,
735 1738 872 1818 quin
906 1733 1171 1794 habuerit
1201 1734 1326 1793 vim
1362 1751 1640 1815 magnam
1675 1730 1890 1813 semper
1974 1728 1975 1753 ἦ

524 1835 739 1879 oratio.

612 1914 713 1973 40.
756 1895 969 1978 Neque
1004 1895 1164 1955 enim
1200 1891 1322 1974 jam
1353 1890 1588 1954 Troicis
1619 1891 1896 1973 tempori‘

525 1978 637 2038 bus
655 1979 882 2038 tantum
906 1975 1089 2036 laudis
1107 1978 1170 2035 in
1188 1973 1438 2035 dicendo
1458 1972 1668 2055 Ulyssi
1686 1975 1897 2034 tribuis-

525 2057 615 2120 set
635 2059 930 2120 Homerus
943 2101 968 2129 ,
1007 2057 1073 2117 &
1094 2053 1328 2118 Nestori
1354 2053 1639 2136 (quorum
1659 2054 1895 2114 alterum

529 2142 658 2202 vim
691 2138 907 2200 habere
941 2138 1135 2199 voluit
1155 2180 1176 2211 ,
1222 2136 1469 2197 alterum
1511 2133 1892 2214 suavitatem)

532 2224 641 2283 nisi
674 2218 796 2302 jam
816 2238 944 2281 tum
975 2216 1117 2281 effer
1141 2218 1336 2278 honos
1368 2217 1762 2297 eloquentiae;
1802 2234 1900 2274 ne-

534 2322 651 2386 que
675 2302 792 2384 ipse
816 2305 995 2384 poeta
1025 2300 1117 2359 hic
1138 2315 1256 2358 tam
1288 2297 1447 2359 idem
1470 2315 1710 2357 ornatus
1736 2299 1796 2356 in
1820 2295 1897 2354 di-

533 2383 731 2445 cendo
754 2426 774 2457 ,
810 2403 880 2443 ac
913 2381 1086 2464 plane
1120 2396 1320 2440 orator
1351 2375 1575 2438 fixiffetz
1615 2375 1780 2457 cujus
1801 2376 1901 2436 etsi

536 2467 758 2526 incerta
783 2462 909 2523 sunt
930 2479 1052 2522 tem
1098 2480 1201 2518 ora
1222 2505 1242 2533 ‚
1285 2477 1483 2533 tamen
1517 2460 1682 2518 annis
1716 2458 1900 2517 multis

537 2545 645 2606 fuit
683 2559 828 2604 ante
851 2541 1008 2602 Rom
1073 2560 1172 2599 um
1203 2561 1219 2599 ε
1273 2536 1556 2621 siquidem
1596 2560 1721 2599 non
1761 2535 1903 2598 infra

537 2625 895 2708 superiorem
933 2622 1269 2705 Lycurgum
1288 2620 1394 2682 fuit
1412 2665 1433 2696 ,
1472 2638 1508 2681 a
1621 2642 1662 2680 o
1682 2616 1765 2680 est
1790 2618 1903 2676 dis·
1972 2624 1973 2669 Ἰ

539 2708 755 2848 εἰὲΙὶπα
826 2704 1404 2769 Lacedaemoniorum
1480 2700 1555 2765 ad
1634 2699 1742 2762 ‘sta
1818 2697 1906 2760 le-

535 2807 600 2868 gl
645 2809 731 2850 us·
