2017 3634
507 245 668 325 504
788 228 965 296 DE
1050 226 1598 325 CLARIS

593 341 728 421 318.
768 341 971 402 Unum
1004 343 1175 422 igitur
1201 360 1448 412 annum,
1477 361 1657 420 quum
1685 338 1880 404 rediis-

501 421 689 483 semus
744 441 817 483 ex
869 422 1056 493 Asia',
1098 421 1288 480 causas
1336 421 1566 481 nobiles
1621 426 1875 504 egimus,

498 522 677 583 quum
717 501 1057 583 quaesturam
1094 522 1244 574 nosr,
1275 501 1636 561 consulatum
1661 503 1876 579 Cotta,

499 582 834 642 aedilitatem
855 597 1085 663 peteret
1107 582 1471 642 Hortensius.
1513 580 1762 643 Interim
1784 605 1875 646 me

496 660 844 743 cplaestorem
881 661 1185 723 Siciliensis
1206 664 1433 742 excepit
1453 682 1674 722 annus:
1697 662 1876 726 Cotta

498 762 572 802 ex
592 741 888 803 consulatu
909 740 990 802 est
1060 741 1310 802 rofeftus
1335 744 1399 801 in-
1414 740 1675 802 Galliam
1698 765 1714 802 ε
1736 747 1879 824 prin·

495 842 639 903 ceps
694 825 759 883 &
812 839 934 884 erat
1000 763 1067 883 g
1116 823 1437 882 habebatur
1507 823 1879 887 Hortensius-

499 901 709 985 Quum
753 922 949 963 autem
993 922 1148 979 anno
1186 900 1317 983 post
1347 921 1381 963 e
1415 901 1610 962 Sicilia
1645 925 1748 965 me
1783 926 1879 965 re·

494 982 771 1064 cepissem
788 1029 809 1055 ,
849 982 967 1062 jam
985 983 1295 1042 videbatur
1310 981 1450 1042 iliud
1471 984 1531 1041 in
1549 1004 1649 1043 me
1670 1030 1691 1058 ‚
1714 986 1882 1066 quid-

496 1064 637 1143 quid
676 1061 846 1137 esset,
884 1061 995 1123 esse
1034 1062 1391 1144 pet-fecium,
1424 1063 1488 1121 &
1508 1062 1738 1124 habere
1758 1087 1882 1126 ma·

494 1145 787 1203 tui-itatem
814 1143 1124 1224 quamdam
1159 1141 1338 1201 suam.
1360 1141 1549 1202 Nimis
1577 1146 1767 1204 multa
1787 1148 1877 1207 vi·

496 1223 646 1285 deor
698 1222 774 1285 de
810 1244 946 1298 me,
984 1222 1107 1305 ipse
1157 1221 1475 1304 praesertim
1490 1242 1510 1295 3
1564 1223 1670 1284 sed
1714 1229 1877 1286 omni

494 1303 629 1365 huic
660 1302 912 1365 sermoni
950 1305 1319 1384 propositum
1353 1301 1478 1375 est,
1520 1323 1647 1363 non
1682 1321 1749 1364 ut
1783 1309 1879 1366 in-

491 1388 729 1466 genium
757 1430 776 1459 ,
807 1386 871 1445 &
891 1385 1286 1465 eloquentiam
1306 1402 1502 1444 meam
1522 1384 1870 1466 perspicias,

493 1467 651 1526 unde
681 1465 857 1547 longe
893 1457 1089 1525 absum
1111 1507 1130 1537 ,
1149 1461 1250 1524 sed
1275 1478 1338 1523 ut
1361 1463 1632 1525 laborem
1648 1511 1671 1541 ,
1699 1467 1765 1526 &
1787 1469 1877 1526 in·

493 1545 782 1607 dustriam.
829 1544 1034 1625 Quum
1071 1547 1239 1626 igitur
1277 1542 1456 1605 essem
1494 1547 1556 1603 in
1608 1547 1872 1640 plurimis

491 1628 673 1686 causis
700 1670 719 1699 ‚
763 1627 829 1686 &
867 1628 926 1685 in
982 1625 1333 1707 principibus
1390 1638 1654 1705 patronis
1698 1630 1868 1708 quin·

570 1708 805 1766 ennium
838 1704 959 1767 fere
978 1704 1229 1767 versatus
1248 1749 1268 1779 ‚
1298 1722 1423 1765 tum
1452 1707 1513 1764 in
1533 1710 1868 1785 patrocinio

534 1788 768 1848 ‘ciliensi
798 1788 1047 1847 maxime
1091 1789 1154 1845 in
1199 1801 1495 1845 certamen
1529 1788 1680 1845 veni
1712 1788 1869 1848 desi·

488 1884 692 1948 gnatus
724 1866 902 1927 aedilis
939 1882 1073 1927 cum
1105 1865 1407 1947 designato
1428 1865 1671 1927 consule
1701 1868 1868 1930 Hor·

485 1965 697 2006 tensio.

516 2052 529 2061 ·
565 2021 793 2086 XCIII.
835 2022 955 2084 Sed
987 2027 1267 2106 quoniam
1309 2024 1500 2086 omnis
1539 2025 1640 2086 hic
1676 2025 1865 2089 sermo

480 2103 678 2169 noste&
713 2124 836 2166 non
870 2103 1056 2166 solum
1091 2108 1605 2166 enumerationem
1662 2124 1869 2169 orato-³

483 2192 628 2250 riam
646 2231 664 2262 ‚
687 2188 1105 2247 verumetiam
1142 2201 1429 2267 praecepta
1463 2186 1744 2266 quaedam
1774 2189 1866 2250 de-

484 2269 733 2340 sidemt3
770 2266 910 2348 quid
938 2284 1237 2347 tamquam
1262 2265 1587 2325 notandum
1604 2308 1625 2340 ‚
1650 2269 1722 2328 δι
1745 2272 1861 2329 ani·

481 2347 969 2410 madvertendum
994 2350 1071 2406 sit
1099 2349 1161 2406 in
1201 2346 1566 2421 Hortensio,
1603 2347 1864 2411 breviter

478 2430 615 2491 licet
656 2430 869 2488 dicere.

506 2540 517 2545 ·
567 2526 702 2590 320.
758 2506 913 2567 Nam
960 2506 1007 2565 is
1061 2503 1193 2586 post
1227 2504 1588 2565 consulatum
1629 2509 1856 2582 (credo

564 2588 879 2652 odvideret
892 2631 911 2662 ,
924 2605 998 2647 ex
1020 2586 1403 2649 consularibus
1420 2588 1735 2648 neminem
1751 2587 1853 2650 effe

500 2688 668 2732 ecum
687 2668 1140 2749 comparandum
1155 2711 1176 2740 ,ν
1192 2666 1514 2749 negligeret
1532 2683 1748 2729 autem
1763 2688 1855 2730 eos

472 2755 575 2834 qui
617 2747 875 2823 consules
910 2745 1333 2830 nonfuiffent)
1376 2743 1672 2809 summum
1691 2747 1852 2890 sillud
