2017 3634
433 255 1236 329 ORAToRIBvs.
1363 256 1514 347 43¹

152 367 444 450 republica
462 415 482 444 ‚
563 371 686 432 uod
711 384 835 431 erat
853 411 873 443 ,
904 369 1027 432 esse
1063 368 1348 450 judicares
1373 371 1523 433 satis·

180 486 187 489 Δ
230 449 369 528 269.
410 450 506 512 Ne
592 488 611 510 .
681 451 878 523 uidem
906 450 1227 512 Postumius
1251 469 1526 513 contem-

154 530 371 591 nendus
385 534 446 591 in
470 531 639 597 dicen
682 553 765 604 03
800 531 877 592 de
902 532 1204 613 republica
1232 533 1377 593 verb
1400 552 1522 595 non

156 611 334 670 minus
378 612 697 673 vehemens
748 627 946 672 orator
976 656 998 686 ‚
1051 613 1224 693 quam
1271 613 1522 675 bellator

153 687 254 749 fuit
277 712 293 749 ε
318 691 675 766 effrenatus,-
706 692 772 750 δε
821 712 954 752 acer
991 694 1160 751 nimis
1180 735 1200 766 ‚
1241 691 1341 753 sed
1366 693 1521 754 bene

153 766 282 849 juris
347 775 527 841 ublici
546 773 703 854 leges
730 787 903 852 atque
933 769 1181 853 instituta
1223 794 1529 854 cognove-

153 867 256 911 rat.
338 875 408 913 οε
434 855 577 914 loco
605 853 871 926 Atticus,
897 850 1168 912 Putarem
1184 869 1248 915 tc
1264 896 1283 925 ,
1302 856 1484 934 inquit
1501 894 1521 927 ‚

150 933 513 996 ambitiosum
560 931 714 1006 esse,
747 935 835 1005 si,
870 948 936 992 ut
968 930 1151 992 dixisti
1171 975 1192 1004 ‚
1238 934 1317 1004 ii,
1373 955 1546 1014 quos·

152 1007 364 1091 jamdiu
404 1014 627 1096 colligis
660 1058 682 1088 ‚
729 1015 1023 1074 viverent.
1077 1011 1310 1075 Omnes
1366 1016 1525 1075 enim

153 1089 581 1156 cotnmemoras
608 1138 633 1168 ‚
700 1095 800 1175 qui
859 1095 979 1153 ausi
1038 1092 1347 1175 aliquando
1396 1093 1524 1157 sunt

151 1169 356 1236 stantes
369 1176 534 1256 loqui
549 1219 569 1248 ‚
594 1191 658 1234 ut
683 1175 823 1234 mihi
845 1173 1181 1254 imprudens
1205 1173 1298 1235 M.
1319 1173 1526 1238 Servi·-

148 1251 286 1312 lium
319 1253 648 1334 praeteriiffe
672 1254 930 1332 videare.
1027 1308 1034 1315 ,

229 1333 646 1394 LXXVIII.
689 1331 868 1404 Non,
910 1334 1181 1412 inquam,
1223 1352 1337 1416 ego
1380 1331 1523 1394 istuc

146 1412 358 1494 ignoro
375 1457 396 1486 ‚
424 1412 755 1492 Pomponi,
779 1409 993 1472 multos
1017 1408 1174 1471 fuisse
1196 1456 1216 1486 ‚
1256 1415 1355 1494 qui
1391 1434 1528 1474 ver-

149 1493 295 1551 bum
331 1512 648 1572 numquam
677 1493 737 1551 in
763 1489 999 1570 publico
1019 1489 1279 1552 fecissent
1296 1536 1318 1565 ‚
1347 1513 1525 1573 quunj

82 1590 88 1596 ·
148 1573 354 1634 melius
383 1572 675 1653 aliquanto
701 1568 968 1652 possent,
999 1568 1174 1651 quam
1206 1570 1293 1630 isti
1323 1591 1543 1643 orato-r:

148 1673 240 1714 res
265 1700 284 1729 ,
313 1673 464 1736 quos
488 1652 739 1734 colligo,
771 1650 1005 1711 dicere:
1036 1649 1135 1710 sed
1153 1651 1239 1731 ¹¹.ss
1264 1673 1531 1715 comme-

61 1759 68 1766 ·
147 1734 442 1795 morandis
461 1736 637 1794 etiam
659 1731 803 1793 illud
823 1729 1086 1811 assequor
1105 1775 1124 1805 ,
1146 1747 1208 1791 ut
1233 1732 1527 1815 intelliga-

150 1816 256 1888 tis,
284 1817 543 1896 primum
562 1835 639 1874 ex
671 1813 834 1872 omni
870 1832 1116 1872 numero
1133 1844 1162 1884 ,·
1193 1811 1370 1893 quam
1402 1835 1526 1875 non

147 1896 312 1956 multi
337 1897 465 1957 ausi
491 1896 604 1954 sint
645 1893 872 1966 dicere,
909 1891 1123 1953 deinde
1163 1913 1237 1953 ex
1278 1895 1347 1957 iis
1390 1896 1530 1975 ipsis

147 1974 319 2058 quam
352 1979 526 2059 pauci
550 1972 961 2036 fuerintlaude.
978 1972 1155 2056 digni.

168 2094 177 2101 -
228 2075 365 2133 271.
405 2055 616 2137 ltaque
638 2074 716 2117 ene
740 2054 850 2115 hos
875 2053 1110 2137 quidem
1135 2056 1358 2136 equites
1393 2052 1526 2119 Ro-

87 2183 98 2192 .
146 2154 351 2212 manos
379 2182 399 2212 ‚
433 2141 649 2197 amicos
680 2133 905 2195 nostros
925 2179 946 2207 ‚
971 2135 1073 2214 qui
1098 2154 1284 2213 nuper
1303 2139 1525 2199 mortui

144 2214 269 2277 sunt
286 2261 307 2292 ‚
324 2217 392 2277 P.
418 2215 763 2277 Cominium
789 2213 1155 2292 Spoletinum
1176 2256 1196 2285 ‚
1219 2234 1338 2293 quo
1354 2236 1530 2276 accu-

146 2295 303 2360 sante
357 2296 598 2359 defendi
642 2292 720 2356 C.
758 2291 1151 2365 Cornelium,
1194 2295 1253 2351 in
1295 2316 1413 2375 quo
1454 2297 1524 2359 &

126 2381 543 2459 ‘compositum
568 2373 799 2457 dicendi
857 2393 997 2434 enus
1012 2417 1032 2446 ‚
1052 2372 1112 2433 &
1135 2392 1305 2446 acre,
1337 2376 1402 2434 &
1422 2395 1527 2436 ex·-

144 2459 413 2539 peditum
456 2456 580 2517 fuit.
604 2477 622 2517 ι
671 2455 749 2516 Τ.
858 2455 1027 2514 ttium
1093 2451 1520 2529 Pisaurensem,

144 2536 308 2615 cujus
337 2535 682 2597 accusationi
723 2533 993 2613 respondi
1033 2555 1143 2615 pto
1184 2532 1267 2594 A.
1296 2532 1527 2601 Cluen·-

145 2620 272 2690 ti03
300 2616 487 2695 qui&
506 2615 765 2674 accurate
784 2614 1013 2673 dicebat
1030 2658 1049 2686 ,
1075 2615 1139 2674 δι
1160 2612 1288 2673 satis
1315 2617 1525 2696 copio'-

145 2697 247 2766 set,
293 2708 535 2773 eratque
580 2709 857 2774 praeterea
903 2691 1105 2752 doctus
1141 2693 1522 2777 Hermagorae

140 2773 724 2915 pmeceptisjlquibus
752 2775 861 2837 etsi
892 2788 1234 2916 ornamegga
1254 2796 1376 2839 non
1396 2773 1526 2845 satis

228 2859 434 2920 TomuS
537 2895 559 2917 ο
1292 2859 1301 2866 —
