2017 3634
537 257 1020 327 LIBER'·
1078 255 1257 327 ΙΙΙ,
1421 274 1566 347 271

179 370 330 433 inud
369 368 483 431 fuit
505 415 525 445 ,
566 392 601 430 a
638 391 759 452 quo
796 387 962 431 erant
999 371 1320 432 multorum
1365 373 1578 432 civium

176 455 382 535 capita
416 450 660 513 servata.
727 449 934 533 Neque
976 453 1128 513 verb
1159 454 1341 536 longe
1383 452 1458 511 ab
1498 472 1577 513 eo

175 535 255 598 C.
278 534 313 596 J
317 534 425 615 ulii⁴
440 551 617 614 caput
636 578 657 604 ‚
691 531 931 613 hospitis
951 531 1169 597 Ettusci
1188 533 1407 595 scelere
1429 556 1579 615 pro-

178 617 381 677 ditum
405 660 424 689 ,
462 635 596 673 curn
636 613 704 674 L.
742 612 874 674 Julii
909 612 1094 675 fratris
1128 618 1318 697 capite
1358 612 1576 677 ‘acuite

167 716 244 758 ut
280 697 383 758 ille
406 742 425 771 ,
469 698 569 777 qui
586 695 715 756 haec
749 716 876 756 non
905 694 1054 757 vidit
1074 740 1108 767 ,.
1127 696 1195 755 δι
1214 699 1332 757 vixi
1377 718 1411 758 e
1440 716 1575 757 cum

175 778 492 860 republica
580 778 787 850 ariter,
838 775 905 835 &
944 797 1079 837 cum
1124 777 1221 837 illa
1259 778 1426 839 simul
1468 799 1575 839 ex-

168 859 423 920 stinctus
461 798 575 926 essle
612 857 901 918 videatur.
977 855 1194 939 Neque
1233 860 1390 921 enim
1429 862 1586 939 pro-'

177 945 289 1024 pin
335 960 479 1000 uum
513 937 714 1012 suum,
744 940 990 999 ,maximi
1028 938 1205 1003 animi
1237 941 1427 1001 virum
1449 984 1471 1014 ‚
1510 939 1573 1001 R.

178 1021 309 1083 Cra
354 1043 456 1081 um
477 1065 496 1094 ,
525 1018 1118 1101 suapteinterfeaum
1135 1040 1310 1082 manu
1331 1066 1349 1095 ‚
1380 1040 1574 1116 neque

180 1104 439 1184 collegae
471 1099 592 1176 sui,
677 1099 924 1161 ontificis
958 1103 1192 1163 maximi
1224 1146 1244 1176 ,
1296 1101 1575 1185 sanguine

182 1186 564 1245 simulacrum
667 1180 797 1243 estae
850 1180 1168 1263 respersum
1222 1180 1335 1244 effe
1382 1184 1570 1245 vidit:

185 1268 284 1327 cui
304 1265 548 1326 moerori
589 1270 615 1338 (
658 1263 732 1329 ua
752 1280 951 1325 mente
975 1264 1072 1327 ille
1092 1266 1154 1325 in
1170 1266 1413 1344 patriam
1436 1264 1574 1337 fuit)

186 1350 373 1408 etiam
412 1342 489 1407 C.
517 1343 632 1407 Car
677 1345 809 1405 onis
831 1388 851 1417 ‚
886 1346 1259 1405 inimicissimi
1283 1345 1574 1419 hominis,

188 1428 419 1490 eodem
439 1425 541 1486 illo
567 1425 660 1487 die
682 1437 842 1487 mors
862 1422 1081 1485 nefaria
1101 1423 1308 1486 fuisset.

283 1529 309 1568 1
330 1528 382 1569 t.
428 1506 570 1573 Non
599 1506 751 1568 vidit
774 1526 981 1569 eorum
999 1504 1253 1586 ipsorum
1273 1551 1291 1580 ‚
1330 1507 1576 1588 quitum

187 1588 596 1655 adolescentes
635 1585 839 1651 Ctaffo
877 1585 933 1649 se
980 1586 1242 1649 dicarant
1263 1631 1282 1659 ,
1320 1587 1579 1649 horribi-

184 1671 273 1745 les
295 1668 647 1750 miserosque
669 1667 846 1731 casus,
891 1666 981 1728 Ex
1000 1669 1207 1749 quibus
1240 1666 1318 1729 C.
1354 1666 1536 1731 Cotta
1554 1714 1574 1744 ,

187 1773 370 1834 quem
394 1752 491 1812 ille
519 1751 834 1812 florentem
856 1749 1165 1831 reliquerat
1183 1796 1201 1825 ,
1277 1752 1431 1811 aucis
1451 1749 1578 1811 die-

180 1834 299 1899 hus
339 1831 475 1915 post
510 1848 769 1893 mortem
806 1828 1000 1893 Crassi
1033 1830 1212 1912 depul
1237 1851 1301 1891 us
1340 1850 1449 1912 per
1483 1832 1575 1891 in·

187 1914 415 1977 vidiam
439 1913 733 1974 tribunatu
753 1958 772 1986 ,
808 1933 931 1973 non
966 1913 1159 1973 multis
1192 1913 1270 1973 ab
1303 1931 1379 1971 eo
1415 1929 1574 1973 tem-

188 2017 339 2077 pore
363 1994 656 2061 mensibus
677 1991 894 2073 ejectus
914 1990 996 2055 est
1024 2014 1057 2053 e
1082 1996 1340 2057 civitate.
1373 1992 1575 2074 Sulpi-

190 2080 313 2137 cius
351 2093 547 2139 autem
568 2120 590 2146 ‚
628 2077 805 2155 quiin
825 2074 1035 2137 eadem
1069 2075 1303 2135 invidiae
1337 2074 1574 2137 flamma

187 2155 378 2219 fuiffet
402 2203 421 2231 ,
462 2155 798 2238 quibuscum
828 2158 1083 2235 privatus
1104 2153 1572 2234 conjunffissime

188 2241 454 2312 vixerat,
495 2238 604 2298 hos
637 2239 696 2297 in
734 2236 1026 2297 tribunatu
1055 2234 1302 2316 spoliare
1339 2234 1577 2297 instituit

189 2322 357 2383 omni
376 2320 656 2401 dignitate
674 2339 687 2377 t
709 2319 803 2381 cui
819 2315 1056 2398 quidem
1074 2315 1146 2376 ad
1157 2314 1437 2379 summam
1449 2318 1576 2399 glo-

189 2404 335 2462 riam
374 2400 726 2480 eloquentiae
764 2397 1135 2473 florescenti‚
1177 2396 1334 2460 ferro
1372 2415 1574 2480 erepta

189 2486 315 2543 vita
333 2480 417 2542 est
435 2526 453 2553 ‚
487 2483 550 2541 &
575 2503 750 2562 poena
769 2482 1109 2542 temeritatis
1134 2501 1258 2542 non
1287 2483 1409 2542 sine
1440 2502 1575 2542 ma·-

191 2584 312 2646 gno
333 2565 421 2624 rei
466 2562 667 2625 ublicae
689 2563 848 2625 malo
874 2561 1197 2623 constituta.

284 2664 380 2704 12.
477 2664 555 2726 go
595 2645 743 2704 verb
780 2660 883 2717 te,
928 2640 1126 2703 Crasse
1151 2687 1170 2714 ‚
1211 2663 1392 2724 quum
1433 2644 1585 2701 vitae'

191 2725 387 2799 flor'e',
428 2741 553 2791 tum
580 2727 796 2788 ,mo'rtis
833 2725 1272 2806 opportunitate
1298 2767 1316 2795 ,
1363 2722 1572 2783 divino

172 2788 442 2875 ,iconsilio
472 2807 540 2873 &
565 2823 760 2873 ortum
773 2805 851 2871 t&
889 2801 1228 2948 exstinfiffiui
1259 2801 1380 2866 esse
1418 2802 1573 2866 arbi-

1185 2908 1246 2949 ιν
