<?xml version="1.0" encoding="UTF-8"?>
<!DOCTYPE html PUBLIC "-//W3C//DTD XHTML 1.0 Transitional//EN"
    "http://www.w3.org/TR/xhtml1/DTD/xhtml1-transitional.dtd">
<html xmlns="http://www.w3.org/1999/xhtml" xml:lang="en" lang="en">
 <head>
  <title>
</title>
<meta http-equiv="Content-Type" content="text/html;charset=utf-8" />
  <meta name='ocr-system' content='tesseract 3.04.00' />
  <meta name='ocr-capabilities' content='ocr_page ocr_carea ocr_par ocr_line ocrx_word'/>
</head>
<body>
  <div class='ocr_page' id='page_1' title='image "./mtulliiciceroni18unkngoog_0062.png"; bbox 0 0 2017 3634; ppageno 0'>
   <div class='ocr_carea' id='block_1_1' title="bbox 429 238 1568 340">
    <p class='ocr_par' dir='ltr' id='par_1_1' title="bbox 429 238 1568 340">
     <span class='ocr_line' id='line_1_1' title="bbox 429 238 1568 340; baseline -0.004 -23"><span class='ocrx_word' id='word_1_1' title='bbox 429 251 536 340; x_wconf 83' lang='lat'><strong>&#39;52</strong></span> <span class='ocrx_word' id='word_1_2' title='bbox 734 246 882 314; x_wconf 74' lang='lat' dir='ltr'><strong>DE</strong></span> <span class='ocrx_word' id='word_1_3' title='bbox 953 238 1568 314; x_wconf 59' lang='lat' dir='ltr'><strong>onaroaz&#39;</strong></span> 
     </span>
    </p>
   </div>
   <div class='ocr_carea' id='block_1_2' title="bbox 402 354 2014 2869">
    <p class='ocr_par' dir='ltr' id='par_1_2' title="bbox 402 354 2014 2869">
     <span class='ocr_line' id='line_1_2' title="bbox 431 354 1850 441; baseline 0 -22"><span class='ocrx_word' id='word_1_4' title='bbox 431 356 553 441; x_wconf 84' lang='lat' dir='ltr'><strong>ipse</strong></span> <span class='ocrx_word' id='word_1_5' title='bbox 570 360 746 441; x_wconf 73' lang='lat' dir='ltr'><strong>longe</strong></span> <span class='ocrx_word' id='word_1_6' title='bbox 773 357 967 419; x_wconf 86' lang='lat' dir='ltr'><strong>absum</strong></span> <span class='ocrx_word' id='word_1_7' title='bbox 986 401 1007 432; x_wconf 92' lang='lat'>‚</span> <span class='ocrx_word' id='word_1_8' title='bbox 1041 354 1199 419; x_wconf 83' lang='lat' dir='ltr'><strong>facio</strong></span> <span class='ocrx_word' id='word_1_9' title='bbox 1221 357 1630 438; x_wconf 86' lang='lat' dir='ltr'><strong>impudenter:</strong></span> <span class='ocrx_word' id='word_1_10' title='bbox 1664 354 1850 439; x_wconf 19' lang='lat' dir='ltr'><strong>mihi-t,</strong></span> 
     </span>
     <span class='ocr_line' id='line_1_3' title="bbox 431 438 1832 521; baseline -0.003 -20"><span class='ocrx_word' id='word_1_11' title='bbox 431 444 590 501; x_wconf 79' lang='lat' dir='ltr'><strong>enim</strong></span> <span class='ocrx_word' id='word_1_12' title='bbox 609 441 753 501; x_wconf 88' lang='lat' dir='ltr'><strong>volo</strong></span> <span class='ocrx_word' id='word_1_13' title='bbox 774 438 1027 521; x_wconf 85' lang='lat' dir='ltr'><strong>ignosci,</strong></span> <span class='ocrx_word' id='word_1_14' title='bbox 1071 441 1275 500; x_wconf 89' lang='lat' dir='ltr'><strong>ceteris</strong></span> <span class='ocrx_word' id='word_1_15' title='bbox 1308 439 1430 519; x_wconf 88' lang='lat' dir='ltr'><strong>ipse</strong></span> <span class='ocrx_word' id='word_1_16' title='bbox 1456 456 1579 500; x_wconf 87' lang='lat' dir='ltr'><strong>non</strong></span> <span class='ocrx_word' id='word_1_17' title='bbox 1600 441 1832 520; x_wconf 59' lang='lat' dir='ltr'><strong>ignosw²</strong></span> 
     </span>
     <span class='ocr_line' id='line_1_4' title="bbox 430 518 1809 602; baseline -0.001 -20"><span class='ocrx_word' id='word_1_18' title='bbox 430 542 524 582; x_wconf 68' lang='grc' dir='ltr'><strong>σο.</strong></span> <span class='ocrx_word' id='word_1_19' title='bbox 570 521 725 581; x_wconf 90' lang='lat' dir='ltr'><strong>Nam</strong></span> <span class='ocrx_word' id='word_1_20' title='bbox 748 524 846 602; x_wconf 88' lang='lat' dir='ltr'><strong>qui</strong></span> <span class='ocrx_word' id='word_1_21' title='bbox 870 542 991 580; x_wconf 91' lang='lat' dir='ltr'><strong>non</strong></span> <span class='ocrx_word' id='word_1_22' title='bbox 1019 518 1211 601; x_wconf 88' lang='lat' dir='ltr'><strong>potest</strong></span> <span class='ocrx_word' id='word_1_23' title='bbox 1224 555 1248 592; x_wconf 77' lang='lat'><strong>,</strong></span> <span class='ocrx_word' id='word_1_24' title='bbox 1274 523 1370 600; x_wconf 91' lang='lat' dir='ltr'><strong>qui</strong></span> <span class='ocrx_word' id='word_1_25' title='bbox 1391 521 1603 580; x_wconf 72' lang='lat' dir='ltr'><strong>vitiose</strong></span> <span class='ocrx_word' id='word_1_26' title='bbox 1629 520 1809 592; x_wconf 86' lang='lat' dir='ltr'><strong>facit,</strong></span> 
     </span>
     <span class='ocr_line' id='line_1_5' title="bbox 428 600 1811 683; baseline -0.001 -22"><span class='ocrx_word' id='word_1_27' title='bbox 428 623 606 682; x_wconf 85' lang='lat' dir='ltr'><strong>quem</strong></span> <span class='ocrx_word' id='word_1_28' title='bbox 637 602 772 663; x_wconf 85' lang='lat' dir='ltr'><strong>deni</strong></span> <span class='ocrx_word' id='word_1_29' title='bbox 813 622 887 662; x_wconf 90' lang='lat' dir='ltr'><strong>ue</strong></span> <span class='ocrx_word' id='word_1_30' title='bbox 920 621 1043 660; x_wconf 88' lang='lat' dir='ltr'><strong>non</strong></span> <span class='ocrx_word' id='word_1_31' title='bbox 1070 600 1277 674; x_wconf 89' lang='lat' dir='ltr'><strong>decet,</strong></span> <span class='ocrx_word' id='word_1_32' title='bbox 1315 601 1466 660; x_wconf 92' lang='lat' dir='ltr'><strong>hunc</strong></span> <span class='ocrx_word' id='word_1_33' title='bbox 1494 607 1590 676; x_wconf 83' lang='lat' dir='ltr'><strong>(ut</strong></span> <span class='ocrx_word' id='word_1_34' title='bbox 1613 600 1811 683; x_wconf 73' lang='lat' dir='ltr'><strong>Apol-</strong></span> 
     </span>
     <span class='ocr_line' id='line_1_6' title="bbox 426 623 1806 764; baseline 0.001 -22"><span class='ocrx_word' id='word_1_35' title='bbox 426 682 618 742; x_wconf 84' lang='lat' dir='ltr'><strong>Ionius</strong></span> <span class='ocrx_word' id='word_1_36' title='bbox 644 623 912 760; x_wconf 42' lang='lat' dir='ltr'><strong>jubeffiat)</strong></span> <span class='ocrx_word' id='word_1_37' title='bbox 939 681 1014 741; x_wconf 84' lang='lat' dir='ltr'><strong>ad</strong></span> <span class='ocrx_word' id='word_1_38' title='bbox 1046 682 1108 741; x_wconf 90' lang='lat' dir='ltr'><strong>id</strong></span> <span class='ocrx_word' id='word_1_39' title='bbox 1127 723 1147 755; x_wconf 88' lang='lat'><strong>,</strong></span> <span class='ocrx_word' id='word_1_40' title='bbox 1174 680 1337 763; x_wconf 89' lang='lat' dir='ltr'><strong>quod</strong></span> <span class='ocrx_word' id='word_1_41' title='bbox 1363 680 1555 742; x_wconf 74' lang='lat' dir='ltr'><strong>facete</strong></span> <span class='ocrx_word' id='word_1_42' title='bbox 1581 684 1806 764; x_wconf 81' lang='lat' dir='ltr'>possit,</span> 
     </span>
     <span class='ocr_line' id='line_1_7' title="bbox 428 763 2014 844; baseline -0.002 -21"><span class='ocrx_word' id='word_1_43' title='bbox 428 763 858 824; x_wconf 80' lang='lat' dir='ltr'><strong>detrudendum</strong></span> <span class='ocrx_word' id='word_1_44' title='bbox 891 779 1058 844; x_wconf 79' lang='lat' dir='ltr'><strong>puto·</strong></span> <span class='ocrx_word' id='word_1_45' title='bbox 1821 794 1830 820; x_wconf 70' lang='lat' dir='ltr'><em>z</em></span> <span class='ocrx_word' id='word_1_46' title='bbox 1981 798 1986 801; x_wconf 98' lang='lat'>-</span> <span class='ocrx_word' id='word_1_47' title='bbox 2013 822 2014 827; x_wconf 8' lang='grc' dir='ltr'>χ</span> 
     </span>
     <span class='ocr_line' id='line_1_8' title="bbox 508 842 2014 982; baseline 0 -77"><span class='ocrx_word' id='word_1_48' title='bbox 508 843 739 905; x_wconf 87' lang='grc' dir='ltr'><strong>ΧΧΙΧ.</strong></span> <span class='ocrx_word' id='word_1_49' title='bbox 790 843 951 904; x_wconf 90' lang='lat' dir='ltr'><strong>Num</strong></span> <span class='ocrx_word' id='word_1_50' title='bbox 997 861 1062 902; x_wconf 88' lang='lat' dir='ltr'><strong>tu</strong></span> <span class='ocrx_word' id='word_1_51' title='bbox 1106 844 1273 982; x_wconf 43' lang='grc' dir='ltr'><strong>ἱξίζτυι·</strong></span> <span class='ocrx_word' id='word_1_52' title='bbox 1299 887 1321 916; x_wconf 90' lang='grc'><strong>,</strong></span> <span class='ocrx_word' id='word_1_53' title='bbox 1373 843 1555 934; x_wconf 81' lang='lat' dir='ltr'><strong>inquit</strong></span> <span class='ocrx_word' id='word_1_54' title='bbox 1602 842 1807 925; x_wconf 86' lang='lat' dir='ltr'><strong>Sulpi·</strong></span> <span class='ocrx_word' id='word_1_55' title='bbox 1911 916 1920 921; x_wconf 62' lang='lat'><strong>„</strong></span> <span class='ocrx_word' id='word_1_56' title='bbox 2013 918 2014 921; x_wconf 7' lang='grc' dir='ltr'><strong>Ἴ</strong></span> 
     </span>
     <span class='ocr_line' id='line_1_9' title="bbox 424 925 1826 1003; baseline 0 -17"><span class='ocrx_word' id='word_1_57' title='bbox 424 926 580 1000; x_wconf 76' lang='lat' dir='ltr'><strong>ciuS,</strong></span> <span class='ocrx_word' id='word_1_58' title='bbox 616 945 716 985; x_wconf 90' lang='lat' dir='ltr'><strong>me</strong></span> <span class='ocrx_word' id='word_1_59' title='bbox 743 969 766 996; x_wconf 90' lang='lat'><strong>,</strong></span> <span class='ocrx_word' id='word_1_60' title='bbox 809 941 909 985; x_wconf 49' lang='lat' dir='ltr'><strong>aut¹</strong></span> <span class='ocrx_word' id='word_1_61' title='bbox 935 925 1089 982; x_wconf 87' lang='lat' dir='ltr'><strong>hunc</strong></span> <span class='ocrx_word' id='word_1_62' title='bbox 1190 939 1414 997; x_wconf 88' lang='lat' dir='ltr'><strong>ottam,</strong></span> <span class='ocrx_word' id='word_1_63' title='bbox 1458 945 1549 1003; x_wconf 82' lang='lat' dir='ltr'><strong>Jus</strong></span> <span class='ocrx_word' id='word_1_64' title='bbox 1584 926 1755 986; x_wconf 86' lang='lat' dir='ltr'><strong>civile</strong></span> <span class='ocrx_word' id='word_1_65' title='bbox 1777 969 1826 1001; x_wconf 55' lang='lat'><strong>‚«</strong></span> 
     </span>
     <span class='ocr_line' id='line_1_10' title="bbox 421 1002 1803 1086; baseline 0.001 -21"><span class='ocrx_word' id='word_1_66' title='bbox 421 1012 522 1067; x_wconf 77' lang='lat' dir='ltr'><strong>aut</strong></span> <span class='ocrx_word' id='word_1_67' title='bbox 550 1027 675 1066; x_wconf 90' lang='lat' dir='ltr'><strong>rem</strong></span> <span class='ocrx_word' id='word_1_68' title='bbox 694 1005 1001 1065; x_wconf 85' lang='lat' dir='ltr'><strong>militarem</strong></span> <span class='ocrx_word' id='word_1_69' title='bbox 1026 1002 1191 1082; x_wconf 79' lang='lat' dir='ltr'><strong>jubes</strong></span> <span class='ocrx_word' id='word_1_70' title='bbox 1220 1002 1479 1067; x_wconf 73' lang='lat' dir='ltr'><strong>discere.²</strong></span> <span class='ocrx_word' id='word_1_71' title='bbox 1511 1026 1645 1064; x_wconf 87' lang='lat' dir='ltr'><strong>nam</strong></span> <span class='ocrx_word' id='word_1_72' title='bbox 1671 1009 1803 1086; x_wconf 86' lang='lat' dir='ltr'><strong>quis</strong></span> 
     </span>
     <span class='ocr_line' id='line_1_11' title="bbox 420 1084 1800 1168; baseline 0 -21"><span class='ocrx_word' id='word_1_73' title='bbox 420 1085 499 1147; x_wconf 84' lang='lat' dir='ltr'><strong>ad</strong></span> <span class='ocrx_word' id='word_1_74' title='bbox 516 1085 619 1147; x_wconf 84' lang='lat' dir='ltr'><strong>ista</strong></span> <span class='ocrx_word' id='word_1_75' title='bbox 642 1084 900 1159; x_wconf 88' lang='lat' dir='ltr'><strong>summa,</strong></span> <span class='ocrx_word' id='word_1_76' title='bbox 934 1103 1109 1166; x_wconf 86' lang='lat' dir='ltr'><strong>atque</strong></span> <span class='ocrx_word' id='word_1_77' title='bbox 1126 1088 1186 1144; x_wconf 90' lang='lat' dir='ltr'><strong>in</strong></span> <span class='ocrx_word' id='word_1_78' title='bbox 1213 1087 1376 1145; x_wconf 87' lang='lat' dir='ltr'><strong>omni</strong></span> <span class='ocrx_word' id='word_1_79' title='bbox 1399 1105 1615 1168; x_wconf 85' lang='lat' dir='ltr'><strong>genere</strong></span> <span class='ocrx_word' id='word_1_80' title='bbox 1651 1107 1800 1166; x_wconf 87' lang='lat' dir='ltr'><strong>per·-</strong></span> 
     </span>
     <span class='ocr_line' id='line_1_12' title="bbox 420 1164 1800 1250; baseline 0.002 -24"><span class='ocrx_word' id='word_1_81' title='bbox 420 1165 572 1227; x_wconf 59' lang='lat' dir='ltr'><strong>fessa</strong></span> <span class='ocrx_word' id='word_1_82' title='bbox 594 1165 804 1248; x_wconf 72' lang='lat' dir='ltr'><strong>potest</strong></span> <span class='ocrx_word' id='word_1_83' title='bbox 833 1168 1141 1247; x_wconf 85' lang='lat' dir='ltr'><strong>pervenire</strong></span> <span class='ocrx_word' id='word_1_84' title='bbox 1176 1164 1198 1224; x_wconf 78' lang='grc' dir='ltr'><strong><em>ἓ</em></strong></span> <span class='ocrx_word' id='word_1_85' title='bbox 1259 1164 1419 1224; x_wconf 89' lang='lat' dir='ltr'><strong>Tum</strong></span> <span class='ocrx_word' id='word_1_86' title='bbox 1462 1166 1558 1227; x_wconf 87' lang='lat' dir='ltr'><strong>ille</strong></span> <span class='ocrx_word' id='word_1_87' title='bbox 1590 1211 1609 1240; x_wconf 93' lang='lat'><strong>,</strong></span> <span class='ocrx_word' id='word_1_88' title='bbox 1662 1166 1800 1250; x_wconf 86' lang='lat' dir='ltr'><strong>Ego</strong></span> 
     </span>
     <span class='ocr_line' id='line_1_13' title="bbox 417 1246 1797 1329; baseline 0.003 -22"><span class='ocrx_word' id='word_1_89' title='bbox 417 1250 569 1317; x_wconf 68' lang='lat' dir='ltr'><strong>vero</strong></span> <span class='ocrx_word' id='word_1_90' title='bbox 596 1292 617 1321; x_wconf 91' lang='lat'><strong>‚</strong></span> <span class='ocrx_word' id='word_1_91' title='bbox 672 1250 858 1329; x_wconf 85' lang='lat' dir='ltr'><strong>inquit</strong></span> <span class='ocrx_word' id='word_1_92' title='bbox 890 1292 912 1321; x_wconf 92' lang='lat'><strong>,</strong></span> <span class='ocrx_word' id='word_1_93' title='bbox 1013 1246 1135 1306; x_wconf 90' lang='lat' dir='ltr'><strong>uod</strong></span> <span class='ocrx_word' id='word_1_94' title='bbox 1183 1248 1242 1306; x_wconf 89' lang='lat' dir='ltr'><strong>in</strong></span> <span class='ocrx_word' id='word_1_95' title='bbox 1289 1246 1462 1307; x_wconf 84' lang='lat' dir='ltr'><strong>vobis</strong></span> <span class='ocrx_word' id='word_1_96' title='bbox 1499 1268 1532 1307; x_wconf 92' lang='lat' dir='ltr'><strong>e</strong></span> <span class='ocrx_word' id='word_1_97' title='bbox 1574 1250 1797 1329; x_wconf 82' lang='lat' dir='ltr'><strong>regiam</strong></span> 
     </span>
     <span class='ocr_line' id='line_1_14' title="bbox 417 1269 1800 1409; baseline 0.002 -23"><span class='ocrx_word' id='word_1_98' title='bbox 417 1328 731 1408; x_wconf 86' lang='lat' dir='ltr'><strong>quamdam</strong></span> <span class='ocrx_word' id='word_1_99' title='bbox 757 1349 823 1388; x_wconf 86' lang='lat' dir='ltr'><strong>ac</strong></span> <span class='ocrx_word' id='word_1_100' title='bbox 845 1348 999 1409; x_wconf 84' lang='lat' dir='ltr'><strong>praec</strong></span> <span class='ocrx_word' id='word_1_101' title='bbox 1057 1326 1470 1388; x_wconf 81' lang='lat' dir='ltr'><strong>ramindolem</strong></span> <span class='ocrx_word' id='word_1_102' title='bbox 1496 1269 1572 1388; x_wconf 60' lang='lat' dir='ltr'><strong>argi</strong></span> <span class='ocrx_word' id='word_1_103' title='bbox 1591 1328 1800 1389; x_wconf 88' lang='lat' dir='ltr'><strong>dicen-</strong></span> 
     </span>
     <span class='ocr_line' id='line_1_15' title="bbox 417 1407 1799 1492; baseline 0.001 -21"><span class='ocrx_word' id='word_1_104' title='bbox 417 1410 561 1471; x_wconf 86' lang='lat' dir='ltr'><strong>dum</strong></span> <span class='ocrx_word' id='word_1_105' title='bbox 611 1407 723 1470; x_wconf 81' lang='lat' dir='ltr'><strong>effe</strong></span> <span class='ocrx_word' id='word_1_106' title='bbox 769 1411 1027 1492; x_wconf 86' lang='lat' dir='ltr'><strong>cognovi</strong></span> <span class='ocrx_word' id='word_1_107' title='bbox 1059 1454 1079 1482; x_wconf 92' lang='lat'><strong>,</strong></span> <span class='ocrx_word' id='word_1_108' title='bbox 1129 1407 1347 1468; x_wconf 87' lang='lat' dir='ltr'><strong>idcirco</strong></span> <span class='ocrx_word' id='word_1_109' title='bbox 1389 1408 1514 1468; x_wconf 81' lang='lat' dir='ltr'><strong>haec</strong></span> <span class='ocrx_word' id='word_1_110' title='bbox 1555 1410 1799 1489; x_wconf 84' lang='lat' dir='ltr'><strong>exposui</strong></span> 
     </span>
     <span class='ocr_line' id='line_1_16' title="bbox 416 1488 1796 1572; baseline -0.001 -19"><span class='ocrx_word' id='word_1_111' title='bbox 416 1493 662 1553; x_wconf 84' lang='lat' dir='ltr'><strong>omnia:</strong></span> <span class='ocrx_word' id='word_1_112' title='bbox 713 1510 823 1550; x_wconf 84' lang='lat' dir='ltr'><strong>nec</strong></span> <span class='ocrx_word' id='word_1_113' title='bbox 871 1492 1054 1572; x_wconf 86' lang='lat' dir='ltr'><strong>magis</strong></span> <span class='ocrx_word' id='word_1_114' title='bbox 1098 1489 1173 1549; x_wconf 87' lang='lat' dir='ltr'><strong>ad</strong></span> <span class='ocrx_word' id='word_1_115' title='bbox 1222 1509 1327 1550; x_wconf 88' lang='lat' dir='ltr'><strong>eos</strong></span> <span class='ocrx_word' id='word_1_116' title='bbox 1366 1488 1746 1551; x_wconf 85' lang='lat' dir='ltr'><strong>deterrendos</strong></span> <span class='ocrx_word' id='word_1_117' title='bbox 1767 1538 1796 1566; x_wconf 86' lang='lat'><strong>,</strong></span> 
     </span>
     <span class='ocr_line' id='line_1_17' title="bbox 496 1569 1797 1652; baseline 0.002 -22"><span class='ocrx_word' id='word_1_118' title='bbox 496 1574 517 1630; x_wconf 90' lang='lat' dir='ltr'><strong>i</strong></span> <span class='ocrx_word' id='word_1_119' title='bbox 549 1592 674 1632; x_wconf 89' lang='lat' dir='ltr'><strong>non</strong></span> <span class='ocrx_word' id='word_1_120' title='bbox 703 1569 970 1652; x_wconf 83' lang='lat' dir='ltr'><strong>possent,</strong></span> <span class='ocrx_word' id='word_1_121' title='bbox 1008 1569 1183 1650; x_wconf 67' lang='lat' dir='ltr'><strong>quam</strong></span> <span class='ocrx_word' id='word_1_122' title='bbox 1215 1570 1291 1629; x_wconf 86' lang='lat' dir='ltr'><strong>ad</strong></span> <span class='ocrx_word' id='word_1_123' title='bbox 1327 1591 1476 1645; x_wconf 68' lang='grc' dir='ltr'><strong>νος,</strong></span> <span class='ocrx_word' id='word_1_124' title='bbox 1517 1573 1617 1651; x_wconf 88' lang='lat' dir='ltr'><strong>qui</strong></span> <span class='ocrx_word' id='word_1_125' title='bbox 1640 1593 1797 1652; x_wconf 86' lang='lat' dir='ltr'><strong>pos-</strong></span> 
     </span>
     <span class='ocr_line' id='line_1_18' title="bbox 411 1649 1795 1726; baseline 0.002 -14"><span class='ocrx_word' id='word_1_126' title='bbox 411 1664 417 1694; x_wconf 79' lang='lat'>?</span> <span class='ocrx_word' id='word_1_127' title='bbox 439 1654 579 1726; x_wconf 58' lang='lat' dir='ltr'><strong>etia,</strong></span> <span class='ocrx_word' id='word_1_128' title='bbox 606 1650 976 1712; x_wconf 71' lang='lat' dir='ltr'><strong>exacuendos</strong></span> <span class='ocrx_word' id='word_1_129' title='bbox 992 1649 1444 1710; x_wconf 85' lang='lat' dir='ltr'><strong>accommodavi</strong></span> <span class='ocrx_word' id='word_1_130' title='bbox 1462 1655 1795 1715; x_wconf 86' lang='lat' dir='ltr'><strong>orationem</strong></span> 
     </span>
     <span class='ocr_line' id='line_1_19' title="bbox 410 1730 1792 1812; baseline 0.001 -19"><span class='ocrx_word' id='word_1_131' title='bbox 410 1751 653 1793; x_wconf 80' lang='lat' dir='ltr'><strong>meam:</strong></span> <span class='ocrx_word' id='word_1_132' title='bbox 700 1731 765 1791; x_wconf 69' lang='grc' dir='ltr'>δί</span> <span class='ocrx_word' id='word_1_133' title='bbox 830 1750 1143 1810; x_wconf 86' lang='lat' dir='ltr'><strong>uamquam</strong></span> <span class='ocrx_word' id='word_1_134' title='bbox 1170 1734 1230 1790; x_wconf 91' lang='lat' dir='ltr'><strong>in</strong></span> <span class='ocrx_word' id='word_1_135' title='bbox 1263 1747 1511 1812; x_wconf 85' lang='lat' dir='ltr'><strong>utroque</strong></span> <span class='ocrx_word' id='word_1_136' title='bbox 1530 1730 1792 1795; x_wconf 78' lang='lat' dir='ltr'><strong>vestrfim</strong></span> 
     </span>
     <span class='ocr_line' id='line_1_20' title="bbox 410 1751 1792 1896; baseline 0.002 -25"><span class='ocrx_word' id='word_1_137' title='bbox 410 1811 700 1875; x_wconf 84' lang='lat' dir='ltr'><strong>summum</strong></span> <span class='ocrx_word' id='word_1_138' title='bbox 737 1751 853 1872; x_wconf 60' lang='lat' dir='ltr'><strong>eiiie</strong></span> <span class='ocrx_word' id='word_1_139' title='bbox 896 1812 1196 1893; x_wconf 83' lang='lat' dir='ltr'><strong>ingenium</strong></span> <span class='ocrx_word' id='word_1_140' title='bbox 1239 1809 1601 1894; x_wconf 86' lang='lat' dir='ltr'><strong>studiumque</strong></span> <span class='ocrx_word' id='word_1_141' title='bbox 1645 1835 1792 1896; x_wconf 92' lang='lat' dir='ltr'><strong>per-</strong></span> 
     </span>
     <span class='ocr_line' id='line_1_21' title="bbox 407 1890 1791 1976; baseline 0.003 -24"><span class='ocrx_word' id='word_1_142' title='bbox 407 1891 603 1974; x_wconf 82' lang='lat' dir='ltr'><strong>spexi,</strong></span> <span class='ocrx_word' id='word_1_143' title='bbox 640 1909 837 1953; x_wconf 87' lang='lat' dir='ltr'><strong>tamen</strong></span> <span class='ocrx_word' id='word_1_144' title='bbox 864 1892 1026 1966; x_wconf 87' lang='lat' dir='ltr'><strong>haec,</strong></span> <span class='ocrx_word' id='word_1_145' title='bbox 1060 1913 1187 1974; x_wconf 85' lang='lat' dir='ltr'><strong>quae</strong></span> <span class='ocrx_word' id='word_1_146' title='bbox 1215 1890 1341 1951; x_wconf 86' lang='lat' dir='ltr'><strong>sunt</strong></span> <span class='ocrx_word' id='word_1_147' title='bbox 1365 1895 1425 1952; x_wconf 88' lang='lat' dir='ltr'><strong>in</strong></span> <span class='ocrx_word' id='word_1_148' title='bbox 1454 1893 1646 1974; x_wconf 84' lang='lat' dir='ltr'><strong>specie</strong></span> <span class='ocrx_word' id='word_1_149' title='bbox 1663 1918 1791 1976; x_wconf 88' lang='lat' dir='ltr'><strong>po·-</strong></span> 
     </span>
     <span class='ocr_line' id='line_1_22' title="bbox 407 1970 1790 2056; baseline 0.002 -22"><span class='ocrx_word' id='word_1_150' title='bbox 407 1975 520 2034; x_wconf 83' lang='lat' dir='ltr'><strong>sita</strong></span> <span class='ocrx_word' id='word_1_151' title='bbox 539 2018 558 2047; x_wconf 93' lang='lat'><strong>,</strong></span> <span class='ocrx_word' id='word_1_152' title='bbox 591 1973 666 2034; x_wconf 91' lang='lat' dir='ltr'><strong>de</strong></span> <span class='ocrx_word' id='word_1_153' title='bbox 703 1973 908 2054; x_wconf 86' lang='lat' dir='ltr'><strong>quibus</strong></span> <span class='ocrx_word' id='word_1_154' title='bbox 939 1973 1104 2053; x_wconf 87' lang='lat' dir='ltr'><strong>plura</strong></span> <span class='ocrx_word' id='word_1_155' title='bbox 1140 1970 1370 2033; x_wconf 82' lang='lat' dir='ltr'><strong>fortasse</strong></span> <span class='ocrx_word' id='word_1_156' title='bbox 1407 1974 1570 2049; x_wconf 87' lang='lat' dir='ltr'><strong>dixi,</strong></span> <span class='ocrx_word' id='word_1_157' title='bbox 1607 1975 1790 2056; x_wconf 73' lang='lat' dir='ltr'><strong>quam</strong></span> 
     </span>
     <span class='ocr_line' id='line_1_23' title="bbox 406 2049 1791 2195; baseline 0.003 -80"><span class='ocrx_word' id='word_1_158' title='bbox 406 2049 596 2195; x_wconf 50' lang='lat' dir='ltr'><strong>{olent</strong></span> <span class='ocrx_word' id='word_1_159' title='bbox 625 2052 821 2116; x_wconf 85' lang='lat' dir='ltr'><strong>Graeci</strong></span> <span class='ocrx_word' id='word_1_160' title='bbox 852 2052 1081 2126; x_wconf 88' lang='lat' dir='ltr'><strong>dicere,</strong></span> <span class='ocrx_word' id='word_1_161' title='bbox 1108 2055 1168 2112; x_wconf 88' lang='lat' dir='ltr'><strong>in</strong></span> <span class='ocrx_word' id='word_1_162' title='bbox 1187 2070 1247 2113; x_wconf 84' lang='lat' dir='ltr'><strong>te</strong></span> <span class='ocrx_word' id='word_1_163' title='bbox 1265 2097 1286 2126; x_wconf 89' lang='lat'><strong>,</strong></span> <span class='ocrx_word' id='word_1_164' title='bbox 1311 2051 1573 2136; x_wconf 82' lang='lat' dir='ltr'><strong>Sulpici,</strong></span> <span class='ocrx_word' id='word_1_165' title='bbox 1590 2056 1791 2119; x_wconf 87' lang='lat' dir='ltr'><strong>divina</strong></span> 
     </span>
     <span class='ocr_line' id='line_1_24' title="bbox 435 2146 558 2201; baseline -0.049 0"><span class='ocrx_word' id='word_1_166' title='bbox 435 2146 558 2201; x_wconf 58' lang='lat' dir='ltr'><strong>unt-⁴</strong></span> 
     </span>
     <span class='ocr_line' id='line_1_25' title="bbox 438 2214 1816 2298; baseline 0.007 -28"><span class='ocrx_word' id='word_1_167' title='bbox 438 2233 632 2294; x_wconf 82' lang='lat'><strong>--132.</strong></span> <span class='ocrx_word' id='word_1_168' title='bbox 692 2214 825 2298; x_wconf 88' lang='lat' dir='ltr'><strong>Ego</strong></span> <span class='ocrx_word' id='word_1_169' title='bbox 871 2216 1029 2275; x_wconf 88' lang='lat' dir='ltr'><strong>enim</strong></span> <span class='ocrx_word' id='word_1_170' title='bbox 1076 2216 1414 2288; x_wconf 79' lang='lat' dir='ltr'><strong>neminem,</strong></span> <span class='ocrx_word' id='word_1_171' title='bbox 1458 2237 1567 2277; x_wconf 89' lang='lat' dir='ltr'><strong>nec</strong></span> <span class='ocrx_word' id='word_1_172' title='bbox 1612 2236 1816 2280; x_wconf 89' lang='lat' dir='ltr'><strong>motu·</strong></span> 
     </span>
     <span class='ocr_line' id='line_1_26' title="bbox 406 2294 1786 2378; baseline 0.003 -21"><span class='ocrx_word' id='word_1_173' title='bbox 406 2299 708 2377; x_wconf 77' lang='lat' dir='ltr'><strong>corporiS,</strong></span> <span class='ocrx_word' id='word_1_174' title='bbox 762 2315 955 2377; x_wconf 88' lang='lat' dir='ltr'><strong>neque</strong></span> <span class='ocrx_word' id='word_1_175' title='bbox 993 2294 1118 2376; x_wconf 87' lang='lat' dir='ltr'><strong>ipso</strong></span> <span class='ocrx_word' id='word_1_176' title='bbox 1154 2295 1354 2357; x_wconf 84' lang='lat' dir='ltr'><strong>habitu</strong></span> <span class='ocrx_word' id='word_1_177' title='bbox 1383 2312 1556 2378; x_wconf 84' lang='lat' dir='ltr'><strong>atque</strong></span> <span class='ocrx_word' id='word_1_178' title='bbox 1589 2297 1786 2361; x_wconf 61' lang='lat' dir='ltr'><strong>forma</strong></span> 
     </span>
     <span class='ocr_line' id='line_1_27' title="bbox 402 2376 1787 2458; baseline 0.001 -20"><span class='ocrx_word' id='word_1_179' title='bbox 402 2382 734 2458; x_wconf 81' lang='lat' dir='ltr'><strong>aptiorem,</strong></span> <span class='ocrx_word' id='word_1_180' title='bbox 774 2396 968 2457; x_wconf 87' lang='lat' dir='ltr'><strong>neque</strong></span> <span class='ocrx_word' id='word_1_181' title='bbox 1004 2376 1369 2455; x_wconf 83' lang='lat' dir='ltr'><strong>pleniorem,</strong></span> <span class='ocrx_word' id='word_1_182' title='bbox 1419 2394 1516 2437; x_wconf 91' lang='lat' dir='ltr'><strong>aut</strong></span> <span class='ocrx_word' id='word_1_183' title='bbox 1546 2377 1787 2440; x_wconf 85' lang='lat' dir='ltr'><strong>suavio—</strong></span> 
     </span>
     <span class='ocr_line' id='line_1_28' title="bbox 402 2453 1786 2539; baseline 0.003 -21"><span class='ocrx_word' id='word_1_184' title='bbox 402 2470 533 2520; x_wconf 83' lang='lat' dir='ltr'><strong>rem</strong></span> <span class='ocrx_word' id='word_1_185' title='bbox 567 2457 710 2517; x_wconf 87' lang='lat' dir='ltr'><strong>mihi</strong></span> <span class='ocrx_word' id='word_1_186' title='bbox 750 2456 960 2516; x_wconf 83' lang='lat' dir='ltr'><strong>videor</strong></span> <span class='ocrx_word' id='word_1_187' title='bbox 1008 2453 1264 2516; x_wconf 82' lang='lat' dir='ltr'><strong>audiffe:</strong></span> <span class='ocrx_word' id='word_1_188' title='bbox 1324 2479 1453 2538; x_wconf 83' lang='lat' dir='ltr'><strong>quae</strong></span> <span class='ocrx_word' id='word_1_189' title='bbox 1498 2459 1705 2539; x_wconf 89' lang='lat' dir='ltr'><strong>quibus</strong></span> <span class='ocrx_word' id='word_1_190' title='bbox 1747 2484 1786 2522; x_wconf 85' lang='lat' dir='ltr'><strong>a</strong></span> 
     </span>
     <span class='ocr_line' id='line_1_29' title="bbox 402 2533 1808 2611; baseline 0.002 -12"><span class='ocrx_word' id='word_1_191' title='bbox 402 2556 607 2599; x_wconf 81' lang='lat' dir='ltr'><strong>natura</strong></span> <span class='ocrx_word' id='word_1_192' title='bbox 638 2537 864 2596; x_wconf 85' lang='lat' dir='ltr'><strong>minora</strong></span> <span class='ocrx_word' id='word_1_193' title='bbox 888 2537 1022 2595; x_wconf 84' lang='lat' dir='ltr'><strong>data</strong></span> <span class='ocrx_word' id='word_1_194' title='bbox 1036 2533 1202 2611; x_wconf 75' lang='lat' dir='ltr'><strong>sunt,</strong></span> <span class='ocrx_word' id='word_1_195' title='bbox 1240 2553 1440 2599; x_wconf 86' lang='lat' dir='ltr'><strong>tamen</strong></span> <span class='ocrx_word' id='word_1_196' title='bbox 1466 2539 1607 2599; x_wconf 85' lang='lat' dir='ltr'><strong>illud</strong></span> <span class='ocrx_word' id='word_1_197' title='bbox 1629 2538 1808 2602; x_wconf 44' lang='lat' dir='ltr'><strong>affe--⁴</strong></span> 
     </span>
     <span class='ocr_line' id='line_1_30' title="bbox 486 2615 1810 2700; baseline -0.001 -22"><span class='ocrx_word' id='word_1_198' title='bbox 486 2622 498 2634; x_wconf 92' lang='grc'><em>“</em></span> <span class='ocrx_word' id='word_1_199' title='bbox 529 2615 797 2700; x_wconf 85' lang='lat' dir='ltr'><strong>possunt,</strong></span> <span class='ocrx_word' id='word_1_200' title='bbox 823 2633 887 2677; x_wconf 89' lang='lat' dir='ltr'><strong>ut</strong></span> <span class='ocrx_word' id='word_1_201' title='bbox 916 2619 982 2677; x_wconf 84' lang='lat' dir='ltr'><strong>iis</strong></span> <span class='ocrx_word' id='word_1_202' title='bbox 1003 2661 1025 2690; x_wconf 90' lang='lat'><strong>,</strong></span> <span class='ocrx_word' id='word_1_203' title='bbox 1062 2638 1188 2697; x_wconf 85' lang='lat' dir='ltr'><strong>quae</strong></span> <span class='ocrx_word' id='word_1_204' title='bbox 1223 2618 1507 2693; x_wconf 88' lang='lat' dir='ltr'><strong>habeant,</strong></span> <span class='ocrx_word' id='word_1_205' title='bbox 1539 2620 1810 2683; x_wconf 52' lang='lat' dir='ltr'><strong>modice„</strong></span> 
     </span>
     <span class='ocr_line' id='line_1_31' title="bbox 500 2699 1808 2771; baseline 0.001 -13"><span class='ocrx_word' id='word_1_206' title='bbox 500 2700 743 2771; x_wconf 83' lang='lat' dir='ltr'><strong>scienter</strong></span> <span class='ocrx_word' id='word_1_207' title='bbox 773 2715 1041 2771; x_wconf 87' lang='lat' dir='ltr'><strong>utantur,</strong></span> <span class='ocrx_word' id='word_1_208' title='bbox 1077 2699 1142 2759; x_wconf 86' lang='lat'>&amp;</span> <span class='ocrx_word' id='word_1_209' title='bbox 1175 2716 1239 2758; x_wconf 91' lang='lat' dir='ltr'><strong>ut</strong></span> <span class='ocrx_word' id='word_1_210' title='bbox 1262 2719 1339 2763; x_wconf 89' lang='lat' dir='ltr'><strong>ne</strong></span> <span class='ocrx_word' id='word_1_211' title='bbox 1369 2700 1671 2762; x_wconf 87' lang='lat' dir='ltr'><strong>dedeceat.</strong></span> <span class='ocrx_word' id='word_1_212' title='bbox 1708 2701 1808 2763; x_wconf 66' lang='lat' dir='ltr'><strong>Id,</strong></span> 
     </span>
     <span class='ocr_line' id='line_1_32' title="bbox 403 2778 1798 2869; baseline -0.001 -27"><span class='ocrx_word' id='word_1_213' title='bbox 403 2782 561 2851; x_wconf 74' lang='lat' dir='ltr'><strong>‘enim</strong></span> <span class='ocrx_word' id='word_1_214' title='bbox 605 2778 687 2843; x_wconf 92' lang='lat' dir='ltr'><strong>est</strong></span> <span class='ocrx_word' id='word_1_215' title='bbox 719 2780 970 2844; x_wconf 73' lang='lat' dir='ltr'><strong>maxime</strong></span> <span class='ocrx_word' id='word_1_216' title='bbox 1010 2779 1314 2847; x_wconf 78' lang='lat' dir='ltr'><strong>vitandum</strong></span> <span class='ocrx_word' id='word_1_217' title='bbox 1343 2825 1366 2856; x_wconf 86' lang='lat'>‚</span> <span class='ocrx_word' id='word_1_218' title='bbox 1409 2781 1490 2845; x_wconf 70' lang='grc' dir='ltr'><strong>,δε</strong></span> <span class='ocrx_word' id='word_1_219' title='bbox 1545 2781 1622 2869; x_wconf 77' lang='lat' dir='ltr'><strong>de</strong></span> <span class='ocrx_word' id='word_1_220' title='bbox 1659 2782 1798 2853; x_wconf 81' lang='lat' dir='ltr'><strong>hoc.</strong></span> 
     </span>
    </p>
   </div>
   <div class='ocr_carea' id='block_1_3' title="bbox 2010 0 2017 629">
    <p class='ocr_par' dir='ltr' id='par_1_3' title="bbox 2010 0 2017 629">
     <span class='ocr_line' id='line_1_33' title="bbox 2010 0 2017 629; baseline 0 0"><span class='ocrx_word' id='word_1_221' title='bbox 2010 0 2017 629; x_wconf 95' lang='lat' dir='ltr'><strong> </strong></span> 
     </span>
    </p>
   </div>
   <div class='ocr_carea' id='block_1_4' title="bbox 2006 944 2017 2377">
    <p class='ocr_par' dir='ltr' id='par_1_4' title="bbox 2006 944 2017 2377">
     <span class='ocr_line' id='line_1_34' title="bbox 2006 944 2017 2377; baseline 0 0"><span class='ocrx_word' id='word_1_222' title='bbox 2006 944 2017 2377; x_wconf 95' lang='lat' dir='ltr'><strong> </strong></span> 
     </span>
    </p>
   </div>
  </div>
 </body>
</html>
