2017 3634
500 269 562 338 L·
606 285 644 336 r
697 285 752 337 B
805 276 961 339 ΕΛ
1029 270 1217 341 III.
1385 278 1528 372 363

152 384 374 448 deinde
397 429 417 458 ‚
457 402 834 465 quacumque
869 386 1020 458 erit,
1056 405 1127 446 ea
1165 387 1422 449 tuenda:
1462 392 1539 453 de

152 488 277 551 quo
327 465 472 526 illud
523 462 643 544 jam
688 464 826 525 nihil
877 465 954 525 ad
998 466 1116 526 hoc
1165 472 1540 552 praecipiendi

158 569 346 631 genus
378 571 410 618 ‚·
459 545 958 628 quemadmodum
1024 550 1164 608 voci
1217 548 1492 613 serviatur
1517 574 1538 628 3

160 627 439 710 equidem
483 646 854 708 magnopere·
888 626 1097 689 censeo
1147 628 1537 696 serviendum.

159 709 283 770 Sed
305 707 451 768 illud
475 707 707 768 videtur
737 707 811 765 ab
843 704 1012 785 hujus
1051 707 1224 768 nostri
1258 710 1538 774 sermonis

163 789 368 850 officio
395 808 516 848 non
540 787 852 859 abhorrere
868 830 894 859 5
920 788 1080 868 quod
1095 832 1115 862 ,
1140 807 1202 848 ut
1226 790 1342 850 dixi
1363 796 1541 874 paulo

159 871 299 932 ante
323 914 344 944 ‚
384 869 642 952 plurimis
677 870 737 927 in
766 868 937 928 rebus
968 871 1132 951 quod
1170 875 1419 937 maxime
1458 874 1542 935 est

161 952 308 1013 utile
342 995 366 1022 ,
431 949 493 1009 id
533 947 746 1009 nescio
778 966 902 1030 quo
936 949 1111 1030 paGio
1156 954 1329 1012 etiam
1369 954 1543 1016 decet

164 1031 441 1093 maxime.
495 1028 651 1090 Nam
680 1028 755 1089 ad
783 1048 1000 1090 vocem
1025 1034 1085 1090 in
1112 1031 1367 1094 dicendo
1393 1033 1546 1096 obti-

165 1113 427 1174 nendam
445 1111 588 1171 nihil
619 1108 702 1171 est
718 1108 908 1170 utilius
924 1155 945 1185 ‚
973 1111 1150 1193 quim
1186 1115 1391 1176 crebra
1415 1136 1547 1177 mu·-

163 1197 351 1255 tatio:
400 1192 538 1252 nihil
559 1193 931 1273 perniciosius
948 1235 969 1265 ,
1002 1193 1179 1274 quam
1212 1192 1384 1257 effusa
1418 1200 1541 1259 sine

168 1275 598 1336 intermissione
625 1274 957 1332 contentio.
1567 1290 1574 1295 ·

253 1374 396 1436 2²5·
437 1352 649 1435 Quid?
689 1352 764 1414 ad
800 1370 966 1412 aures
1001 1351 1222 1414 nostras
1267 1354 1332 1416 &
1356 1356 1545 1420 astio-

167 1438 259 1498 nis
292 1434 667 1506 suavitatem,
702 1432 843 1514 quid
881 1431 965 1492 est
1001 1436 1396 1497 vicissitudine
1413 1483 1436 1510 ‚
1475 1440 1544 1499 δι

167 1520 487 1592 varietate,
515 1510 581 1575 aa
607 1516 1066 1575 continuatione
1087 1517 1274 1594 aptius
1296 1516 1320 1575 ἒ
1341 1516 1426 1576 Ita
1469 1538 1544 1579 ne

167 1599 335 1660 idem
361 1595 664 1657 Gracchus
698 1602 728 1671 (
742 1594 905 1676 quod
944 1609 1118 1675 potes
1153 1595 1387 1671 audire,
1430 1538 1553 1660 223.

166 1680 332 1753 tale,
362 1697 435 1739 ex
462 1676 698 1747 Licino,
733 1677 944 1736 cliente
971 1690 1112 1748 tuo,
1145 1675 1397 1738 litterato
1432 1677 1547 1740 ho·—

171 1763 336 1822 mine
356 1802 387 1833 ,-
402 1776 575 1841 quem
602 1757 830 1817 servum
850 1756 956 1827 sibi
984 1755 1087 1816 ille
1108 1756 1305 1817 habuit
1327 1758 1401 1818 ad
1428 1780 1551 1821 ma-

169 1839 370 1921 num)
426 1858 561 1900 cum
601 1837 918 1898 eburneola
960 1835 1157 1896 solitus
1207 1835 1292 1897 est
1332 1839 1550 1902 habere

169 1920 362 1983 fistula
375 1963 395 1994 ,
429 1922 527 2001 qui
547 1916 717 1979 staret
736 1917 958 1978 occulte
976 1915 1108 1998 post
1125 1916 1305 1999 ipsum
1320 1962 1342 1995 ,
1367 1941 1550 2003 quum

174 2003 660 2074 concionaretur,
691 2002 941 2080 peritum
965 1998 1268 2060 hominem
1288 2045 1307 2075 ,
1337 2004 1434 2083 qui
1456 2004 1548 2063 in—

175 2086 350 2145 flaret
374 2083 636 2144 celeriter
662 2098 798 2140 eum
826 2080 1068 2154 sonum,
1106 2098 1225 2161 quo
1260 2082 1422 2143 illum
1449 2099 1550 2145 aut

167 2161 476 2226 remiffum‘
505 2163 780 2223 excitaret
799 2204 820 2234 ‚
857 2176 954 2219 aut
977 2178 1012 2220 a
1036 2163 1415 2223 contentione
1453 2183 1551 2224 re-

175 2262 448 2307 vocaret.
499 2243 717 2303 Audivi
749 2239 1083 2301 mehercule
1102 2284 1121 2313 ‚
1155 2243 1338 2320 inquit
1369 2241 1554 2303 Catu-

177 2328 272 2389 lus
294 2370 315 2400 ‚
353 2326 419 2386 &
442 2322 594 2406 saepe
616 2322 738 2383 sum
760 2322 1071 2383 admiratus
1093 2320 1344 2381 hominis
1453 2343 1553 2385 um

179 2407 545 2489 diligentiam
560 2450 584 2480 ,
604 2421 733 2464 tum
751 2405 928 2465 etiam
946 2401 1268 2464 doctrinam
1289 2404 1354 2464 &
1370 2340 1556 2468 {lenien-

179 2505 346 2549 nam.

273 2568 408 2629 226.
450 2565 582 2650 Ego
622 2564 806 2638 vero,
839 2564 1027 2647 inquit
1050 2561 1278 2625 Crassus
1297 2607 1316 2640 ,
1349 2586 1418 2625 ac
1441 2563 1556 2627 do·

181 2651 287 2712 leo
324 2647 564 2732 quidem
588 2646 719 2708 illos
756 2646 917 2706 viros
942 2647 1003 2705 in
1040 2662 1172 2705 eam
1195 2644 1460 2707 fraudem
1493 2648 1556 2707 in

177 2731 480 2814 republica
505 2726 616 2789 ess'e
640 2724 943 2808 delapsos:
976 2745 1328 2807 quamquam
1349 2746 1419 2819 εξ
1436 2728 1558 2789 tela

173 2816 396 2875 texitur
411 2854 431 2889 ,
472 2811 539 2875 δι
565 2830 635 2872 ea
655 2811 924 2872 incitatur-
945 2808 1005 2870 in
1030 2807 1263 2871 civitate
1287 2811 1437 2871 ratio
1464 2809 1560 2879 vi·-

1171 2882 1318 2968 Qii
