2017 3634
448 233 609 331 376
728 233 900 302 DE
984 234 1534 305 CLARIS

445 348 654 410 iibera.
692 346 929 430 Nempe
948 351 1122 432 igitur
1138 349 1271 411 hinc
1298 366 1458 423 tum,
1493 347 1824 431 Pomponi,

453 430 656 490 ductus
682 428 764 489 est
787 427 979 490 sermo
1005 475 1025 503 ‚
1065 432 1226 512 quod
1258 446 1383 493 erat
1410 452 1444 489 a
1473 449 1575 489 me
1602 433 1827 490 mentio

449 509 641 583 faeta,
679 510 912 570 causam·
940 508 1217 591 Deiotari
1238 557 1256 586 ‚
1295 510 1617 572 fidelissimi
1653 528 1829 591 atque

454 592 665 672 optimi
693 594 845 674 regis
868 637 886 666 ‚
928 594 1290 653 ornatissime
1328 593 1394 653 &
1421 591 1829 674 copiosissime

450 688 489 732 a
518 669 700 732 Bruto
735 692 834 733 me
866 671 1078 733 audisse
1103 672 1416 734 defensam.

449 770 454 775 ·
536 750 651 813 VI.
692 751 831 815 Scio
851 798 871 828 ,
904 755 1088 835 inquit
1109 798 1128 828 ‚
1151 749 1225 814 ab
1252 752 1358 814 isto
1385 754 1553 813 initio
1583 751 1829 814 traflum

451 829 573 895 esse
598 832 963 906 sermonem,
999 852 1177 914 teque
1199 833 1358 895 Bruti
1391 834 1707 895 dolentem
1743 837 1830 896 vi·-

456 933 624 988 cem,
664 915 828 996 quasi
863 913 1159 975 deflevisse
1197 912 1544 994 judiciorum
1586 912 1829 976 vastitas-

450 1009 615 1067 tem,
645 995 708 1054 &
732 993 864 1054 fori.
895 994 1067 1068 Feci,
1093 997 1329 1077 inquam
1349 1041 1369 1069 ,
1395 993 1534 1056 istuc
1554 996 1831 1078 quidem,

401 1118 406 1123 ι
458 1074 529 1135 &
573 1074 722 1156 saepe
758 1073 931 1135 facio.
993 1074 1148 1135 Nam
1186 1076 1329 1135 mihi
1349 1121 1370 1150 ,
1412 1077 1590 1137 Brute
1613 1121 1635 1149 ‚
1679 1079 1744 1136 in
1776 1095 1830 1136 te

443 1152 708 1215 intuenti
745 1157 952 1217 crebrb
998 1158 1057 1216 in
1101 1173 1360 1217 mentem
1398 1159 1564 1220 venit
1601 1160 1829 1231 vereri,

443 1236 832 1317 ecquodnam
862 1238 1203 1297 curriculum
1229 1238 1301 1297 al'
1345 1238 1540 1298 nando
1573 1240 1649 1297 sit
1676 1238 1833 1298 habi·

459 1330 587 1378 tura
615 1333 715 1378 tua
734 1319 800 1379 &
828 1335 1030 1378 natura
1051 1318 1328 1379 admirabi
1351 1322 1427 1393 ⁶⁵,
1462 1320 1526 1379 &
1556 1338 1630 1379 ex
1720 1322 1833 1378 isita

445 1397 724 1459 defirina
749 1443 770 1474 ‚
829 1399 894 1460 &
944 1399 1241 1481 singularis
1279 1398 1568 1461 industria.
1616 1340 1832 1480 glum

449 1481 619 1544 'enim
648 1483 710 1539 in
743 1482 1006 1541 maximis
1034 1482 1215 1541 causis
1237 1479 1493 1541 versatus
1519 1477 1668 1540 esses
1684 1525 1720 1556 ,‚
1739 1481 1833 1552 &‚

456 1579 642 1641 quum
672 1562 779 1621 tibi
811 1577 949 1621 aetas
987 1560 1177 1623 nostra
1219 1558 1339 1640 jam
1380 1561 1620 1623 cederet
1642 1606 1665 1635 ‚
1718 1560 1833 1620 fas·-

460 1639 670 1723 cesque
730 1640 1111 1703 summitteret
1151 1687 1171 1717 ,
1240 1640 1428 1701 subito
1475 1645 1536 1700 in
1596 1642 1834 1703 civitate

443 1741 643 1860 fluum
670 1722 775 1783 alia
807 1722 1142 1784 ceciderunt
1160 1768 1178 1795 ,
1227 1738 1356 1782 tum
1379 1725 1556 1783 etiam
1583 1742 1659 1782 ea
1686 1721 1832 1803 ipsa,

508 1820 546 1861 e
569 1824 684 1883 qua
717 1802 1002 1885 disputare
1034 1804 1327 1879 ordimur,
1364 1805 1707 1886 eloquentia
1729 1803 1834 1866 ob·

447 1885 694 1943 ‘mutuin

447 1982 460 1991 ·
549 1980 645 2042 23.
687 1962 846 2024 Tum
880 1964 1021 2040 ille,
1066 1965 1411 2027 Ceterarum
1430 1986 1620 2026 rerum
1643 1963 1832 2039 causa,

460 2042 683 2124 inquit,
712 2042 850 2105 istuc
873 2045 937 2105 &
964 2045 1178 2122 dole0,
1215 2047 1280 2108 &
1307 2047 1626 2108 dolendum
1652 2063 1832 2126 puto;

449 2124 699 2185 dicendi
725 2143 918 2188 autem
937 2148 1037 2188 me
1061 2150 1182 2188 non
1202 2145 1323 2188 tam
1343 2126 1556 2188 fructus
1570 2172 1593 2198 ,
1625 2127 1696 2186 &
1718 2126 1834 2209 glo·

451 2206 587 2279 fia,
627 2205 800 2286 quam
838 2206 1085 2268 studium
1115 2207 1299 2289 ipsum
1321 2254 1339 2283 ‚
1379 2209 1830 2287 exercitatioque

447 2285 749 2347 delectat:
794 2289 955 2369 quod
993 2289 1134 2349 mihi
1168 2289 1325 2349 nulla
1357 2309 1448 2349 res
1484 2288 1736 2369 eripiet,
1775 2304 1832 2346 te

449 2364 777 2446 praesertim
790 2384 909 2429 tam
926 2368 1199 2430 studioso.
1220 2368 1449 2430 Etenim
1465 2369 1662 2429 dicere
1683 2369 1829 2427 bene

453 2466 648 2506 memo
671 2446 860 2528 potest
879 2492 899 2522 ‚
932 2452 1041 2508 nisi
1074 2452 1171 2531 qui
1206 2450 1523 2532 prudenter
1547 2449 1829 2529 intelligit.

466 2526 671 2606 Quare
750 2530 808 2587 ui
840 2529 1382 2611 eloquentiaeyerae
1418 2530 1515 2590 dat
1552 2544 1832 2610 operam‘,

447 2606 568 2667 *dat
607 2549 927 2688 prudentiae
951 2656 970 2684 ,
993 2613 1133 2693 ‘quii
1173 2632 1247 2672 ne
1286 2610 1554 2671 maximis
1597 2609 1830 2690 quidem

463 2686 527 2745 in
583 2689 750 2751 bellis
800 2713 968 2776 aequo
1025 2694 1221 2757 animo
1283 2712 1480 2756 carere
1539 2688 1832 2775 quisquam

461 2767 677 2852 potest.
745 2820 754 2827 .
