<?xml version="1.0" encoding="UTF-8"?>
<!DOCTYPE html PUBLIC "-//W3C//DTD XHTML 1.0 Transitional//EN"
    "http://www.w3.org/TR/xhtml1/DTD/xhtml1-transitional.dtd">
<html xmlns="http://www.w3.org/1999/xhtml" xml:lang="en" lang="en">
 <head>
  <title>
</title>
<meta http-equiv="Content-Type" content="text/html;charset=utf-8" />
  <meta name='ocr-system' content='tesseract 3.04.00' />
  <meta name='ocr-capabilities' content='ocr_page ocr_carea ocr_par ocr_line ocrx_word'/>
</head>
<body>
  <div class='ocr_page' id='page_1' title='image "./mtulliiciceroni18unkngoog_0273.png"; bbox 0 0 2017 3634; ppageno 0'>
   <div class='ocr_carea' id='block_1_1' title="bbox 639 227 1687 325">
    <p class='ocr_par' dir='ltr' id='par_1_1' title="bbox 639 227 1687 325">
     <span class='ocr_line' id='line_1_1' title="bbox 639 227 1687 325; baseline 0.009 -30"><span class='ocrx_word' id='word_1_1' title='bbox 639 227 1101 298; x_wconf 54' lang='lat' dir='ltr'>Ltus-12</span> <span class='ocrx_word' id='word_1_2' title='bbox 1183 232 1364 302; x_wconf 84' lang='lat' dir='ltr'><strong><em>III.</em></strong></span> <span class='ocrx_word' id='word_1_3' title='bbox 1532 234 1687 325; x_wconf 84' lang='lat'>269</span> 
     </span>
    </p>
   </div>
   <div class='ocr_carea' id='block_1_2' title="bbox 283 343 1714 2769">
    <p class='ocr_par' dir='ltr' id='par_1_2' title="bbox 297 343 1714 647">
     <span class='ocr_line' id='line_1_2' title="bbox 301 343 1700 428; baseline 0.004 -25"><span class='ocrx_word' id='word_1_4' title='bbox 301 343 466 405; x_wconf 85' lang='lat' dir='ltr'>simis</span> <span class='ocrx_word' id='word_1_5' title='bbox 515 344 583 406; x_wconf 85' lang='lat'>&amp;</span> <span class='ocrx_word' id='word_1_6' title='bbox 671 346 981 406; x_wconf 84' lang='lat' dir='ltr'>ravissimis</span> <span class='ocrx_word' id='word_1_7' title='bbox 1025 346 1221 408; x_wconf 82' lang='lat' dir='ltr'>verbis</span> <span class='ocrx_word' id='word_1_8' title='bbox 1257 392 1278 421; x_wconf 91' lang='lat'><strong>,</strong></span> <span class='ocrx_word' id='word_1_9' title='bbox 1342 346 1430 407; x_wconf 91' lang='lat' dir='ltr'>Ut</span> <span class='ocrx_word' id='word_1_10' title='bbox 1472 349 1700 428; x_wconf 85' lang='lat' dir='ltr'>populo</span> 
     </span>
     <span class='ocr_line' id='line_1_3' title="bbox 298 424 1705 509; baseline 0.004 -24"><span class='ocrx_word' id='word_1_11' title='bbox 298 425 590 487; x_wconf 80' lang='lat' dir='ltr'>Romano</span> <span class='ocrx_word' id='word_1_12' title='bbox 643 424 915 487; x_wconf 82' lang='lat' dir='ltr'>atisfieret</span> <span class='ocrx_word' id='word_1_13' title='bbox 934 471 957 499; x_wconf 85' lang='lat'>,</span> <span class='ocrx_word' id='word_1_14' title='bbox 995 448 1317 509; x_wconf 85' lang='lat' dir='ltr'>numquam</span> <span class='ocrx_word' id='word_1_15' title='bbox 1348 427 1577 488; x_wconf 74' lang='lat' dir='ltr'>senatfis</span> <span class='ocrx_word' id='word_1_16' title='bbox 1599 449 1705 490; x_wconf 87' lang='lat' dir='ltr'>ne-</span> 
     </span>
     <span class='ocr_line' id='line_1_4' title="bbox 297 507 1714 647; baseline 0.001 -79"><span class='ocrx_word' id='word_1_17' title='bbox 297 526 418 647; x_wconf 51' lang='lat' dir='ltr'>ffie</span> <span class='ocrx_word' id='word_1_18' title='bbox 441 509 750 568; x_wconf 87' lang='lat' dir='ltr'>consilium</span> <span class='ocrx_word' id='word_1_19' title='bbox 771 507 1104 588; x_wconf 81' lang='lat' dir='ltr'>reipublicae</span> <span class='ocrx_word' id='word_1_20' title='bbox 1144 528 1335 592; x_wconf 88' lang='lat' dir='ltr'>neque</span> <span class='ocrx_word' id='word_1_21' title='bbox 1369 508 1551 570; x_wconf 88' lang='lat' dir='ltr'>fidem</span> <span class='ocrx_word' id='word_1_22' title='bbox 1589 510 1714 569; x_wconf 72' lang='lat' dir='ltr'>de·-</span> 
     </span>
    </p>

    <p class='ocr_par' dir='ltr' id='par_1_3' title="bbox 362 584 1698 665">
     <span class='ocr_line' id='line_1_5' title="bbox 362 584 1698 665; baseline 0.006 -19"><span class='ocrx_word' id='word_1_23' title='bbox 362 584 467 648; x_wconf 78' lang='lat' dir='ltr'>iss‘e</span> <span class='ocrx_word' id='word_1_24' title='bbox 499 634 520 662; x_wconf 90' lang='lat'>,</span> <span class='ocrx_word' id='word_1_25' title='bbox 570 589 644 648; x_wconf 87' lang='lat' dir='ltr'>ab</span> <span class='ocrx_word' id='word_1_26' title='bbox 695 608 772 649; x_wconf 90' lang='lat' dir='ltr'>eo</span> <span class='ocrx_word' id='word_1_27' title='bbox 823 587 1035 649; x_wconf 64' lang='lat' dir='ltr'>dictam</span> <span class='ocrx_word' id='word_1_28' title='bbox 1078 609 1097 662; x_wconf 90' lang='lat'>;</span> <span class='ocrx_word' id='word_1_29' title='bbox 1157 590 1222 649; x_wconf 89' lang='lat'>&amp;</span> <span class='ocrx_word' id='word_1_30' title='bbox 1268 590 1545 651; x_wconf 88' lang='lat' dir='ltr'>eumdem</span> <span class='ocrx_word' id='word_1_31' title='bbox 1592 599 1620 665; x_wconf 76' lang='grc' dir='ltr'><em>ζ</em></span> <span class='ocrx_word' id='word_1_32' title='bbox 1634 592 1698 654; x_wconf 86' lang='lat' dir='ltr'>id</span> 
     </span>
    </p>

    <p class='ocr_par' dir='ltr' id='par_1_4' title="bbox 320 668 1693 811">
     <span class='ocr_line' id='line_1_6' title="bbox 383 668 1693 752; baseline 0.003 -24"><span class='ocrx_word' id='word_1_33' title='bbox 383 668 470 728; x_wconf 91' lang='lat' dir='ltr'>od</span> <span class='ocrx_word' id='word_1_34' title='bbox 506 670 569 730; x_wconf 86' lang='lat' dir='ltr'>in</span> <span class='ocrx_word' id='word_1_35' title='bbox 610 668 1040 730; x_wconf 65' lang='lat' dir='ltr'>aucioritatibus</span> <span class='ocrx_word' id='word_1_36' title='bbox 1086 669 1413 752; x_wconf 80' lang='lat' dir='ltr'>perscriptis</span> <span class='ocrx_word' id='word_1_37' title='bbox 1468 669 1693 745; x_wconf 80' lang='lat' dir='ltr'>exstat)</span> 
     </span>
     <span class='ocr_line' id='line_1_7' title="bbox 320 747 891 811; baseline 0 -1"><span class='ocrx_word' id='word_1_38' title='bbox 320 750 617 811; x_wconf 87' lang='lat' dir='ltr'>cribendo</span> <span class='ocrx_word' id='word_1_39' title='bbox 650 747 891 810; x_wconf 81' lang='lat' dir='ltr'>affuisse.</span> 
     </span>
    </p>

    <p class='ocr_par' dir='ltr' id='par_1_5' title="bbox 293 829 1708 1641">
     <span class='ocr_line' id='line_1_8' title="bbox 383 829 1704 912; baseline 0.004 -22"><span class='ocrx_word' id='word_1_40' title='bbox 383 829 446 891; x_wconf 88' lang='grc'>6.</span> <span class='ocrx_word' id='word_1_41' title='bbox 490 829 598 892; x_wconf 83' lang='lat' dir='ltr'>Illa</span> <span class='ocrx_word' id='word_1_42' title='bbox 628 847 931 912; x_wconf 85' lang='lat' dir='ltr'><strong>tamquam</strong></span> <span class='ocrx_word' id='word_1_43' title='bbox 962 850 1190 911; x_wconf 83' lang='lat' dir='ltr'>cycnea</span> <span class='ocrx_word' id='word_1_44' title='bbox 1211 830 1318 892; x_wconf 82' lang='lat' dir='ltr'>fuit</span> <span class='ocrx_word' id='word_1_45' title='bbox 1360 831 1541 892; x_wconf 81' lang='lat' dir='ltr'>divini</span> <span class='ocrx_word' id='word_1_46' title='bbox 1580 833 1704 895; x_wconf 79' lang='lat'>110--</span> 
     </span>
     <span class='ocr_line' id='line_1_9' title="bbox 297 912 1708 995; baseline -0.001 -25"><span class='ocrx_word' id='word_1_47' title='bbox 297 913 473 971; x_wconf 85' lang='lat' dir='ltr'>minis</span> <span class='ocrx_word' id='word_1_48' title='bbox 495 933 622 972; x_wconf 81' lang='lat' dir='ltr'>vox</span> <span class='ocrx_word' id='word_1_49' title='bbox 643 913 710 973; x_wconf 72' lang='grc' dir='ltr'>ὅ(</span> <span class='ocrx_word' id='word_1_50' title='bbox 733 913 925 973; x_wconf 82' lang='lat' dir='ltr'>oratio</span> <span class='ocrx_word' id='word_1_51' title='bbox 940 957 958 986; x_wconf 90' lang='lat'>,</span> <span class='ocrx_word' id='word_1_52' title='bbox 980 933 1158 993; x_wconf 84' lang='lat' dir='ltr'>quam</span> <span class='ocrx_word' id='word_1_53' title='bbox 1181 915 1342 994; x_wconf 77' lang='lat' dir='ltr'>quasi</span> <span class='ocrx_word' id='word_1_54' title='bbox 1366 912 1708 995; x_wconf 47' lang='lat' dir='ltr'>exspectan„</span> 
     </span>
     <span class='ocr_line' id='line_1_10' title="bbox 298 991 1706 1074; baseline 0.003 -22"><span class='ocrx_word' id='word_1_55' title='bbox 298 1009 388 1053; x_wconf 86' lang='lat' dir='ltr'>tes</span> <span class='ocrx_word' id='word_1_56' title='bbox 408 1038 431 1066; x_wconf 88' lang='lat'>‚</span> <span class='ocrx_word' id='word_1_57' title='bbox 457 991 592 1074; x_wconf 89' lang='lat' dir='ltr'>post</span> <span class='ocrx_word' id='word_1_58' title='bbox 615 991 737 1072; x_wconf 81' lang='lat' dir='ltr'>ejus</span> <span class='ocrx_word' id='word_1_59' title='bbox 767 995 1064 1053; x_wconf 86' lang='lat' dir='ltr'>interitum</span> <span class='ocrx_word' id='word_1_60' title='bbox 1088 995 1472 1057; x_wconf 82' lang='lat' dir='ltr'>veniebamus</span> <span class='ocrx_word' id='word_1_61' title='bbox 1498 996 1557 1054; x_wconf 88' lang='lat' dir='ltr'>in</span> <span class='ocrx_word' id='word_1_62' title='bbox 1581 1017 1706 1056; x_wconf 72' lang='lat' dir='ltr'>cu-</span> 
     </span>
     <span class='ocr_line' id='line_1_11' title="bbox 297 1072 1687 1159; baseline 0.004 -27"><span class='ocrx_word' id='word_1_63' title='bbox 297 1076 446 1133; x_wconf 84' lang='lat' dir='ltr'>riam</span> <span class='ocrx_word' id='word_1_64' title='bbox 468 1120 487 1149; x_wconf 91' lang='lat'><strong>,</strong></span> <span class='ocrx_word' id='word_1_65' title='bbox 516 1091 579 1134; x_wconf 89' lang='lat' dir='ltr'>ut</span> <span class='ocrx_word' id='word_1_66' title='bbox 599 1072 745 1135; x_wconf 86' lang='lat' dir='ltr'>vesti</span> <span class='ocrx_word' id='word_1_67' title='bbox 786 1076 903 1134; x_wconf 86' lang='lat' dir='ltr'>&#39;um</span> <span class='ocrx_word' id='word_1_68' title='bbox 921 1073 1066 1133; x_wconf 87' lang='lat' dir='ltr'>illud</span> <span class='ocrx_word' id='word_1_69' title='bbox 1085 1073 1269 1156; x_wconf 86' lang='lat' dir='ltr'>ipsum</span> <span class='ocrx_word' id='word_1_70' title='bbox 1292 1120 1312 1149; x_wconf 92' lang='lat'>‚</span> <span class='ocrx_word' id='word_1_71' title='bbox 1346 1077 1404 1134; x_wconf 87' lang='lat' dir='ltr'>in</span> <span class='ocrx_word' id='word_1_72' title='bbox 1434 1097 1553 1159; x_wconf 91' lang='lat' dir='ltr'>quo</span> <span class='ocrx_word' id='word_1_73' title='bbox 1586 1076 1687 1139; x_wconf 85' lang='lat' dir='ltr'>ille</span> 
     </span>
     <span class='ocr_line' id='line_1_12' title="bbox 297 1153 1702 1235; baseline 0.004 -20"><span class='ocrx_word' id='word_1_74' title='bbox 297 1154 740 1235; x_wconf 69' lang='lat' dir='ltr'>postremhmin</span> <span class='ocrx_word' id='word_1_75' title='bbox 791 1153 994 1228; x_wconf 76' lang='lat' dir='ltr'>‘tiss&#39;et‚</span> <span class='ocrx_word' id='word_1_76' title='bbox 1034 1173 1464 1217; x_wconf 84' lang='lat' dir='ltr'>contueremur.</span> <span class='ocrx_word' id='word_1_77' title='bbox 1501 1156 1702 1220; x_wconf 56' lang='lat' dir='ltr'>Nam*</span> 
     </span>
     <span class='ocr_line' id='line_1_13' title="bbox 296 1236 1682 1317; baseline 0.002 -21"><span class='ocrx_word' id='word_1_78' title='bbox 296 1255 414 1317; x_wconf 80' lang='lat' dir='ltr'>que</span> <span class='ocrx_word' id='word_1_79' title='bbox 433 1256 565 1296; x_wconf 85' lang='lat' dir='ltr'>tum</span> <span class='ocrx_word' id='word_1_80' title='bbox 589 1236 734 1297; x_wconf 81' lang='lat' dir='ltr'>latus</span> <span class='ocrx_word' id='word_1_81' title='bbox 757 1237 810 1296; x_wconf 86' lang='lat' dir='ltr'>ei</span> <span class='ocrx_word' id='word_1_82' title='bbox 841 1236 1054 1298; x_wconf 87' lang='lat' dir='ltr'>dicenti</span> <span class='ocrx_word' id='word_1_83' title='bbox 1078 1236 1467 1312; x_wconf 79' lang='lat' dir='ltr'>condoluiss&#39;e,</span> <span class='ocrx_word' id='word_1_84' title='bbox 1501 1236 1682 1299; x_wconf 87' lang='lat' dir='ltr'>sudo-</span> 
     </span>
     <span class='ocr_line' id='line_1_14' title="bbox 297 1317 1694 1399; baseline 0.004 -24"><span class='ocrx_word' id='word_1_85' title='bbox 297 1337 546 1399; x_wconf 88' lang='lat' dir='ltr'>remque</span> <span class='ocrx_word' id='word_1_86' title='bbox 570 1317 816 1377; x_wconf 88' lang='lat' dir='ltr'>multum</span> <span class='ocrx_word' id='word_1_87' title='bbox 846 1318 1223 1395; x_wconf 83' lang='lat' dir='ltr'>consecutum</span> <span class='ocrx_word' id='word_1_88' title='bbox 1259 1317 1372 1379; x_wconf 85' lang='lat' dir='ltr'>esse</span> <span class='ocrx_word' id='word_1_89' title='bbox 1407 1319 1694 1381; x_wconf 61' lang='lat' dir='ltr'>audiebat·-</span> 
     </span>
     <span class='ocr_line' id='line_1_15' title="bbox 293 1396 1682 1480; baseline 0 -19"><span class='ocrx_word' id='word_1_90' title='bbox 293 1407 464 1461; x_wconf 86' lang='lat' dir='ltr'>mus&#39;:</span> <span class='ocrx_word' id='word_1_91' title='bbox 500 1418 576 1459; x_wconf 84' lang='lat' dir='ltr'>ex</span> <span class='ocrx_word' id='word_1_92' title='bbox 610 1408 728 1480; x_wconf 77' lang='lat' dir='ltr'>quo&#39;</span> <span class='ocrx_word' id='word_1_93' title='bbox 759 1418 940 1479; x_wconf 83' lang='lat' dir='ltr'>quum</span> <span class='ocrx_word' id='word_1_94' title='bbox 976 1396 1389 1472; x_wconf 81' lang='lat' dir='ltr'>cohorruiffet,</span> <span class='ocrx_word' id='word_1_95' title='bbox 1432 1420 1564 1461; x_wconf 87' lang='lat' dir='ltr'>cum</span> <span class='ocrx_word' id='word_1_96' title='bbox 1586 1399 1682 1461; x_wconf 87' lang='lat' dir='ltr'>fe·-</span> 
     </span>
     <span class='ocr_line' id='line_1_16' title="bbox 294 1477 1698 1560; baseline 0.001 -20"><span class='ocrx_word' id='word_1_97' title='bbox 294 1479 395 1541; x_wconf 66' lang='lat' dir='ltr'>bri‘</span> <span class='ocrx_word' id='word_1_98' title='bbox 421 1480 668 1539; x_wconf 83' lang='lat' dir='ltr'>domum</span> <span class='ocrx_word' id='word_1_99' title='bbox 703 1481 910 1554; x_wconf 88' lang='lat' dir='ltr'>rediit,</span> <span class='ocrx_word' id='word_1_100' title='bbox 953 1478 1165 1559; x_wconf 85' lang='lat' dir='ltr'>dieque</span> <span class='ocrx_word' id='word_1_101' title='bbox 1201 1477 1448 1560; x_wconf 85' lang='lat' dir='ltr'>septimo</span> <span class='ocrx_word' id='word_1_102' title='bbox 1488 1479 1698 1543; x_wconf 55' lang='lat' dir='ltr'>lateris</span> 
     </span>
     <span class='ocr_line' id='line_1_17' title="bbox 294 1557 1072 1641; baseline 0 -23"><span class='ocrx_word' id='word_1_103' title='bbox 294 1559 513 1620; x_wconf 83' lang='lat' dir='ltr'>dolore</span> <span class='ocrx_word' id='word_1_104' title='bbox 551 1558 928 1641; x_wconf 88' lang='lat' dir='ltr'>consumptus</span> <span class='ocrx_word' id='word_1_105' title='bbox 964 1557 1072 1620; x_wconf 85' lang='lat' dir='ltr'>est.</span> 
     </span>
    </p>

    <p class='ocr_par' dir='ltr' id='par_1_6' title="bbox 283 1638 1696 2769">
     <span class='ocr_line' id='line_1_18' title="bbox 374 1638 1696 1726; baseline 0.002 -26"><span class='ocrx_word' id='word_1_106' title='bbox 374 1659 438 1717; x_wconf 88' lang='lat'>7.</span> <span class='ocrx_word' id='word_1_107' title='bbox 484 1639 550 1701; x_wconf 84' lang='grc' dir='ltr'>Ο</span> <span class='ocrx_word' id='word_1_108' title='bbox 597 1638 862 1700; x_wconf 83' lang='lat' dir='ltr'>fallacem</span> <span class='ocrx_word' id='word_1_109' title='bbox 903 1640 1208 1701; x_wconf 84' lang='lat' dir='ltr'>hominum</span> <span class='ocrx_word' id='word_1_110' title='bbox 1247 1638 1451 1722; x_wconf 82' lang='lat' dir='ltr'>spem,</span> <span class='ocrx_word' id='word_1_111' title='bbox 1500 1640 1696 1726; x_wconf 68' lang='lat' dir='ltr'>flagi--</span> 
     </span>
     <span class='ocr_line' id='line_1_19' title="bbox 292 1718 1682 1802; baseline 0.004 -22"><span class='ocrx_word' id='word_1_112' title='bbox 292 1720 535 1802; x_wconf 80' lang='lat' dir='ltr'>lemque</span> <span class='ocrx_word' id='word_1_113' title='bbox 572 1718 906 1797; x_wconf 86' lang='lat' dir='ltr'>fortunam,</span> <span class='ocrx_word' id='word_1_114' title='bbox 950 1722 1239 1782; x_wconf 86' lang='lat' dir='ltr'>&amp;inanes</span> <span class='ocrx_word' id='word_1_115' title='bbox 1276 1720 1493 1783; x_wconf 85' lang='lat' dir='ltr'>nostras</span> <span class='ocrx_word' id='word_1_116' title='bbox 1532 1746 1682 1785; x_wconf 90' lang='lat' dir='ltr'>con-</span> 
     </span>
     <span class='ocr_line' id='line_1_20' title="bbox 291 1801 1696 1883; baseline 0.004 -23"><span class='ocrx_word' id='word_1_117' title='bbox 291 1802 634 1863; x_wconf 73' lang='lat' dir='ltr'><strong>tentiones!</strong></span> <span class='ocrx_word' id='word_1_118' title='bbox 671 1823 799 1883; x_wconf 85' lang='lat' dir='ltr'>quae</span> <span class='ocrx_word' id='word_1_119' title='bbox 822 1803 882 1862; x_wconf 78' lang='lat' dir='ltr'>in</span> <span class='ocrx_word' id='word_1_120' title='bbox 915 1801 1115 1863; x_wconf 86' lang='lat' dir='ltr'>medio</span> <span class='ocrx_word' id='word_1_121' title='bbox 1135 1801 1327 1883; x_wconf 28' lang='lat' dir='ltr'>‘spatio</span> <span class='ocrx_word' id='word_1_122' title='bbox 1350 1801 1496 1883; x_wconf 83' lang='lat' dir='ltr'>saepe</span> <span class='ocrx_word' id='word_1_123' title='bbox 1520 1804 1696 1866; x_wconf 66' lang='lat' dir='ltr'>fratr--</span> 
     </span>
     <span class='ocr_line' id='line_1_21' title="bbox 291 1883 1676 1965; baseline 0.004 -22"><span class='ocrx_word' id='word_1_124' title='bbox 291 1898 505 1964; x_wconf 87' lang='lat' dir='ltr'>guntur</span> <span class='ocrx_word' id='word_1_125' title='bbox 529 1884 595 1945; x_wconf 86' lang='lat'>&amp;</span> <span class='ocrx_word' id='word_1_126' title='bbox 617 1899 890 1945; x_wconf 86' lang='lat' dir='ltr'>corruunt</span> <span class='ocrx_word' id='word_1_127' title='bbox 911 1928 931 1959; x_wconf 87' lang='lat'>‚</span> <span class='ocrx_word' id='word_1_128' title='bbox 965 1901 1063 1946; x_wconf 85' lang='lat' dir='ltr'>aut</span> <span class='ocrx_word' id='word_1_129' title='bbox 1092 1885 1226 1944; x_wconf 75' lang='lat' dir='ltr'>ante</span> <span class='ocrx_word' id='word_1_130' title='bbox 1259 1886 1318 1947; x_wconf 87' lang='lat' dir='ltr'>in</span> <span class='ocrx_word' id='word_1_131' title='bbox 1353 1883 1477 1965; x_wconf 77' lang='lat' dir='ltr'>ipso</span> <span class='ocrx_word' id='word_1_132' title='bbox 1515 1886 1676 1948; x_wconf 86' lang='lat' dir='ltr'>cursu</span> 
     </span>
     <span class='ocr_line' id='line_1_22' title="bbox 290 1962 1673 2050; baseline 0.005 -28"><span class='ocrx_word' id='word_1_133' title='bbox 290 1964 659 2036; x_wconf 84' lang='lat' dir='ltr'>obruuntur,</span> <span class='ocrx_word' id='word_1_134' title='bbox 682 1962 870 2046; x_wconf 61' lang='lat' dir='ltr'>-quiun</span> <span class='ocrx_word' id='word_1_135' title='bbox 904 1982 1142 2045; x_wconf 86' lang='lat' dir='ltr'>portum</span> <span class='ocrx_word' id='word_1_136' title='bbox 1176 1963 1508 2047; x_wconf 82' lang='lat' dir='ltr'>conspicere</span> <span class='ocrx_word' id='word_1_137' title='bbox 1547 1990 1673 2050; x_wconf 86' lang='lat' dir='ltr'>po-</span> 
     </span>
     <span class='ocr_line' id='line_1_23' title="bbox 288 2043 1692 2126; baseline 0.002 -21"><span class='ocrx_word' id='word_1_138' title='bbox 288 2060 549 2105; x_wconf 76' lang='lat' dir='ltr'>ruerunt.</span> <span class='ocrx_word' id='word_1_139' title='bbox 594 2043 750 2105; x_wconf 86' lang='lat' dir='ltr'>Nam</span> <span class='ocrx_word' id='word_1_140' title='bbox 773 2089 793 2120; x_wconf 88' lang='lat'>,</span> <span class='ocrx_word' id='word_1_141' title='bbox 830 2046 1105 2126; x_wconf 79' lang='lat' dir='ltr'>quamdiu</span> <span class='ocrx_word' id='word_1_142' title='bbox 1130 2044 1325 2107; x_wconf 82' lang='lat' dir='ltr'>Crassi</span> <span class='ocrx_word' id='word_1_143' title='bbox 1361 2047 1466 2106; x_wconf 81' lang='lat' dir='ltr'>fuit</span> <span class='ocrx_word' id='word_1_144' title='bbox 1490 2091 1509 2120; x_wconf 89' lang='lat'>,</span> <span class='ocrx_word' id='word_1_145' title='bbox 1545 2070 1692 2117; x_wconf 68' lang='grc' dir='ltr'>ωηο,</span> 
     </span>
     <span class='ocr_line' id='line_1_24' title="bbox 288 2125 1675 2209; baseline 0.002 -24"><span class='ocrx_word' id='word_1_146' title='bbox 288 2125 529 2186; x_wconf 75' lang='lat' dir='ltr'>bit-ionis</span> <span class='ocrx_word' id='word_1_147' title='bbox 560 2125 762 2186; x_wconf 85' lang='lat' dir='ltr'>labore</span> <span class='ocrx_word' id='word_1_148' title='bbox 784 2171 805 2199; x_wconf 86' lang='lat'>‚</span> <span class='ocrx_word' id='word_1_149' title='bbox 838 2127 960 2187; x_wconf 87' lang='lat' dir='ltr'>vita</span> <span class='ocrx_word' id='word_1_150' title='bbox 985 2125 1229 2186; x_wconf 63' lang='lat' dir='ltr'>districia</span> <span class='ocrx_word' id='word_1_151' title='bbox 1247 2172 1266 2201; x_wconf 91' lang='lat'><strong>,</strong></span> <span class='ocrx_word' id='word_1_152' title='bbox 1307 2127 1527 2186; x_wconf 80' lang='lat' dir='ltr'>tamdiu</span> <span class='ocrx_word' id='word_1_153' title='bbox 1547 2130 1675 2209; x_wconf 88' lang='lat' dir='ltr'>pri-</span> 
     </span>
     <span class='ocr_line' id='line_1_25' title="bbox 285 2206 1674 2288; baseline 0.001 -21"><span class='ocrx_word' id='word_1_154' title='bbox 285 2208 441 2267; x_wconf 77' lang='lat' dir='ltr'>vatis</span> <span class='ocrx_word' id='word_1_155' title='bbox 482 2208 667 2288; x_wconf 83' lang='lat' dir='ltr'>magis</span> <span class='ocrx_word' id='word_1_156' title='bbox 708 2206 912 2266; x_wconf 85' lang='lat' dir='ltr'>officiis</span> <span class='ocrx_word' id='word_1_157' title='bbox 934 2250 953 2281; x_wconf 91' lang='lat'><strong>,</strong></span> <span class='ocrx_word' id='word_1_158' title='bbox 994 2208 1059 2266; x_wconf 87' lang='lat'>&amp;</span> <span class='ocrx_word' id='word_1_159' title='bbox 1091 2209 1306 2287; x_wconf 84' lang='lat' dir='ltr'>ingenii</span> <span class='ocrx_word' id='word_1_160' title='bbox 1342 2207 1512 2267; x_wconf 83' lang='lat' dir='ltr'>laude</span> <span class='ocrx_word' id='word_1_161' title='bbox 1549 2210 1674 2271; x_wconf 83' lang='lat' dir='ltr'>flo-</span> 
     </span>
     <span class='ocr_line' id='line_1_26' title="bbox 284 2286 1668 2368; baseline 0.003 -22"><span class='ocrx_word' id='word_1_162' title='bbox 284 2289 398 2348; x_wconf 82' lang='lat' dir='ltr'>ruit</span> <span class='ocrx_word' id='word_1_163' title='bbox 424 2332 445 2358; x_wconf 83' lang='lat'>‚</span> <span class='ocrx_word' id='word_1_164' title='bbox 489 2287 668 2368; x_wconf 50' lang='lat' dir='ltr'>quem</span> <span class='ocrx_word' id='word_1_165' title='bbox 702 2286 885 2347; x_wconf 65' lang='lat' dir='ltr'>fructu</span> <span class='ocrx_word' id='word_1_166' title='bbox 927 2286 1318 2366; x_wconf 82' lang='lat' dir='ltr'>amplitudinis</span> <span class='ocrx_word' id='word_1_167' title='bbox 1345 2331 1364 2360; x_wconf 92' lang='lat'><strong>,</strong></span> <span class='ocrx_word' id='word_1_168' title='bbox 1418 2303 1514 2347; x_wconf 82' lang='lat' dir='ltr'>aut</span> <span class='ocrx_word' id='word_1_169' title='bbox 1552 2292 1668 2350; x_wconf 87' lang='lat' dir='ltr'>rei-</span> 
     </span>
     <span class='ocr_line' id='line_1_27' title="bbox 285 2366 1664 2448; baseline 0.003 -20"><span class='ocrx_word' id='word_1_170' title='bbox 285 2368 539 2448; x_wconf 68' lang='lat' dir='ltr'>publicae</span> <span class='ocrx_word' id='word_1_171' title='bbox 591 2367 647 2427; x_wconf 79' lang='lat' dir='ltr'>di</span> <span class='ocrx_word' id='word_1_172' title='bbox 692 2370 891 2429; x_wconf 85' lang='lat' dir='ltr'>nitate.</span> <span class='ocrx_word' id='word_1_173' title='bbox 968 2366 1094 2447; x_wconf 83' lang='lat' dir='ltr'>Qui</span> <span class='ocrx_word' id='word_1_174' title='bbox 1135 2383 1333 2429; x_wconf 85' lang='lat' dir='ltr'>autem</span> <span class='ocrx_word' id='word_1_175' title='bbox 1382 2370 1435 2428; x_wconf 89' lang='lat' dir='ltr'>ei</span> <span class='ocrx_word' id='word_1_176' title='bbox 1481 2389 1664 2432; x_wconf 84' lang='lat' dir='ltr'>annus</span> 
     </span>
     <span class='ocr_line' id='line_1_28' title="bbox 283 2388 1663 2530; baseline 0.003 -23"><span class='ocrx_word' id='word_1_177' title='bbox 283 2451 509 2530; x_wconf 85' lang='lat' dir='ltr'>primus</span> <span class='ocrx_word' id='word_1_178' title='bbox 545 2448 619 2508; x_wconf 82' lang='lat' dir='ltr'>ab</span> <span class='ocrx_word' id='word_1_179' title='bbox 652 2388 944 2510; x_wconf 48' lang='lat' dir='ltr'>{oncrum</span> <span class='ocrx_word' id='word_1_180' title='bbox 968 2446 1370 2530; x_wconf 62' lang='lat' dir='ltr'>perfunctione</span> <span class='ocrx_word' id='word_1_181' title='bbox 1406 2448 1663 2526; x_wconf 81' lang='lat' dir='ltr'>aditum,</span> 
     </span>
     <span class='ocr_line' id='line_1_29' title="bbox 283 2528 1667 2602; baseline 0.001 -11"><span class='ocrx_word' id='word_1_182' title='bbox 283 2532 555 2594; x_wconf 82' lang='lat' dir='ltr'>omnium</span> <span class='ocrx_word' id='word_1_183' title='bbox 593 2528 859 2593; x_wconf 86' lang='lat' dir='ltr'>concessu</span> <span class='ocrx_word' id='word_1_184' title='bbox 879 2575 904 2602; x_wconf 89' lang='lat'>,</span> <span class='ocrx_word' id='word_1_185' title='bbox 940 2530 1015 2590; x_wconf 84' lang='lat' dir='ltr'>ad</span> <span class='ocrx_word' id='word_1_186' title='bbox 1039 2528 1320 2590; x_wconf 83' lang='lat' dir='ltr'>summam</span> <span class='ocrx_word' id='word_1_187' title='bbox 1354 2530 1667 2592; x_wconf 60' lang='lat' dir='ltr'>auctorita-</span> 
     </span>
     <span class='ocr_line' id='line_1_30' title="bbox 284 2608 1682 2693; baseline 0.003 -23"><span class='ocrx_word' id='word_1_188' title='bbox 284 2625 409 2673; x_wconf 84' lang='lat' dir='ltr'>tem</span> <span class='ocrx_word' id='word_1_189' title='bbox 446 2609 664 2684; x_wconf 83' lang='lat' dir='ltr'>dabat,</span> <span class='ocrx_word' id='word_1_190' title='bbox 703 2613 750 2673; x_wconf 86' lang='lat' dir='ltr'>is</span> <span class='ocrx_word' id='word_1_191' title='bbox 794 2608 919 2690; x_wconf 81' lang='lat' dir='ltr'>ejus</span> <span class='ocrx_word' id='word_1_192' title='bbox 956 2630 1198 2673; x_wconf 85' lang='lat' dir='ltr'>omnem</span> <span class='ocrx_word' id='word_1_193' title='bbox 1237 2609 1398 2690; x_wconf 87' lang='lat' dir='ltr'>spem</span> <span class='ocrx_word' id='word_1_194' title='bbox 1420 2655 1441 2684; x_wconf 91' lang='lat'><strong>,</strong></span> <span class='ocrx_word' id='word_1_195' title='bbox 1485 2627 1682 2693; x_wconf 72' lang='lat' dir='ltr'>atque.j</span> 
     </span>
     <span class='ocr_line' id='line_1_31' title="bbox 286 2691 1539 2769; baseline -0.002 -15"><span class='ocrx_word' id='word_1_196' title='bbox 286 2694 486 2755; x_wconf 77' lang='lat' dir='ltr'>omnia</span> <span class='ocrx_word' id='word_1_197' title='bbox 516 2693 654 2751; x_wconf 81' lang='lat' dir='ltr'>vitae</span> <span class='ocrx_word' id='word_1_198' title='bbox 685 2691 927 2751; x_wconf 81' lang='lat' dir='ltr'>consilia</span> <span class='ocrx_word' id='word_1_199' title='bbox 948 2735 968 2764; x_wconf 90' lang='lat'><strong>‚</strong></span> <span class='ocrx_word' id='word_1_200' title='bbox 1007 2706 1202 2753; x_wconf 83' lang='lat' dir='ltr'>morte</span> <span class='ocrx_word' id='word_1_201' title='bbox 1238 2693 1539 2769; x_wconf 85' lang='lat' dir='ltr'>pervertit.</span> 
     </span>
    </p>
   </div>
   <div class='ocr_carea' id='block_1_3' title="bbox 308 2768 1660 2936">
    <p class='ocr_par' dir='ltr' id='par_1_7' title="bbox 308 2768 1660 2936">
     <span class='ocr_line' id='line_1_32' title="bbox 308 2768 1660 2914; baseline -0.004 -77"><span class='ocrx_word' id='word_1_202' title='bbox 308 2832 319 2837; x_wconf 84' lang='lat'>-</span> <span class='ocrx_word' id='word_1_203' title='bbox 368 2770 428 2837; x_wconf 86' lang='lat'>8.</span> <span class='ocrx_word' id='word_1_204' title='bbox 470 2770 605 2839; x_wconf 84' lang='lat' dir='ltr'>Fuit</span> <span class='ocrx_word' id='word_1_205' title='bbox 651 2771 768 2837; x_wconf 85' lang='lat' dir='ltr'>hoc</span> <span class='ocrx_word' id='word_1_206' title='bbox 811 2769 1131 2837; x_wconf 60' lang='lat' dir='ltr'>luctuosum</span> <span class='ocrx_word' id='word_1_207' title='bbox 1172 2768 1331 2914; x_wconf 47' lang='grc' dir='ltr'>(υἷϊ,</span> <span class='ocrx_word' id='word_1_208' title='bbox 1359 2771 1660 2864; x_wconf 43' lang='lat' dir='ltr'>”acerbum</span> 
     </span>
     <span class='ocr_line' id='line_1_33' title="bbox 1357 2872 1414 2936; baseline 0.053 -27"><span class='ocrx_word' id='word_1_209' title='bbox 1357 2872 1414 2936; x_wconf 76' lang='lat' dir='ltr'>ll]</span> 
     </span>
    </p>
   </div>
  </div>
 </body>
</html>
