2017 3634
501 260 1162 332 LIBERII.
1390 283 1542 361 237

135 375 339 449 mini;
388 390 587 436 cetera
623 376 682 433 in
721 389 779 435 te
815 373 1035 437 summe
1079 375 1194 439 esse
1222 378 1544 456 laudanda,

135 457 288 519 illud
311 457 471 527 vero
501 455 756 538 improbi
784 453 896 517 effe
928 458 1180 518 hominis
1201 504 1219 532 ,
1258 461 1323 520 &
1361 461 1548 544 perfi-

141 540 309 601 diosi
328 583 350 612 ‚
379 536 578 597 dicere
600 536 762 618 quod
783 537 1034 597 alienum
1060 537 1198 600 effet
1218 585 1238 611 ‚
1271 541 1332 603 &
1363 564 1547 604 noce·-

139 637 237 682 ret
284 622 393 691 ei,
439 639 549 699 pro
588 637 706 699 quo
747 620 871 698 quis
899 618 1158 680 diceret:
1203 642 1379 701 quare
1421 645 1544 685 non

142 702 259 762 sibi
291 719 437 760 eum
463 696 734 758 disertum
757 743 777 770 ‚
817 701 911 779 qui
940 699 999 758 id
1028 721 1150 758 non
1177 698 1427 778 faceret,
1451 709 1545 765 vi·

143 782 287 844 deri
309 825 331 854 ‚
363 778 469 840 sed
505 779 874 860 improbum,
912 782 1012 860 qui
1044 779 1283 841 faceret.
1333 782 1503 846 Nunc
1523 831 1544 861 ,

144 866 196 924 si
220 862 341 923 tibi
361 859 629 932 videtur,
658 857 920 932 Antoni,
953 859 1314 922 demonstres
1331 866 1547 941 velim,

146 962 344 1026 quare
374 958 441 1001 tu
474 939 590 1001 hoc
630 941 711 999 ita
744 960 1020 1022 magnum
1057 958 1267 1023 putes,
1306 945 1447 1004 nihil
1484 949 1548 1007 in

145 1022 330 1087 causa
357 1021 501 1081 mali
526 1020 717 1081 facere
742 1065 762 1094 ,
800 1038 865 1081 ut
905 1022 1048 1082 nihil
1078 1022 1185 1083 tibi
1215 1026 1275 1084 in
1311 1043 1548 1090 oratore

146 1102 353 1183 majus
381 1100 497 1164 effe
522 1102 805 1164 videatur.

238 1182 535 1246 LXXIV.
570 1181 787 1243 Dicam
816 1184 1090 1265 equidem
1112 1231 1136 1258 ‚
1175 1183 1406 1262 Caesar,
1450 1192 1548 1252 in..

155 1270 290 1351 quit
313 1312 333 1341 ‚
370 1264 516 1347 quid
540 1264 857 1346 intelligam
889 1286 905 1324 ε
949 1264 1049 1326 sed
1088 1267 1153 1327 &
1186 1284 1289 1342 tu,
1331 1269 1396 1329 &
1432 1292 1547 1334 vos

159 1345 381 1410 omnes
415 1347 529 1406 hoc
548 1390 566 1419 ,
597 1347 778 1426 inquit
798 1390 816 1419 ,
849 1364 1210 1407 mementote
1233 1393 1251 1422 ,
1288 1370 1412 1410 non
1447 1373 1548 1414 me

162 1431 242 1492 de
283 1426 543 1511 perfeai-
569 1428 816 1487 oratoris
854 1426 1155 1488 divinitate
1181 1428 1433 1508 quadam
1456 1432 1552 1493 lo·-
1601 1458 1613 1471 ·

161 1512 301 1594 qui,
333 1507 437 1569 sed
460 1507 534 1568 de
564 1508 987 1568 exercitationis
1025 1507 1089 1566 &
1125 1507 1552 1573 consuetudinis

163 1612 322 1653 meae
350 1589 777 1650 mediocritate.
831 1584 1028 1647 Crassi
1060 1587 1295 1669 quidem
1313 1589 1556 1672 respon·

162 1672 293 1733 sum
351 1669 694 1732 excellentis
748 1663 1042 1747 cujusdam
1087 1666 1170 1729 est
1215 1672 1433 1753 ingenii
1481 1695 1551 1736 ac

167 1752 507 1836 singularis:
538 1749 925 1891 cuffluiddam
948 1753 1204 1830 portenti
1226 1752 1413 1814 simile
1434 1752 1550 1818 effe

166 1833 359 1896 visum
399 1830 481 1893 est
503 1877 523 1903 ‚
560 1853 602 1913 p
690 1848 725 1891 e
770 1830 1021 1911 aliquem
1060 1833 1305 1894 inveniri
1344 1852 1554 1896 orato-

169 1935 298 1977 rem
314 1959 335 1989 ,
366 1916 463 1995 qui
484 1911 695 1994 aliquid
712 1911 848 1972 mali
866 1910 1085 1972 faceret
1104 1911 1358 1978 dicendo
1381 1961 1401 1992 ,
1439 1918 1552 1979 ob-

173 1994 437 2078 ess'etque
465 1996 557 2068 ei,
593 2012 770 2075 quem
793 1991 1157 2054 defenderet.

261 2094 403 2157 299.
426 2074 591 2135 Facit
610 2075 766 2134 enim
782 2073 857 2133 de
871 2071 927 2133 se
940 2070 1367 2154 conjecimamt
1390 2077 1553 2161 cujus

176 2174 341 2218 tanta
360 2158 450 2218 vis
471 2157 687 2238 ingenii
702 2150 785 2214 est
802 2197 823 2227 ,
847 2171 911 2212 ut
930 2156 1226 2216 neminem
1243 2202 1263 2230 ,
1283 2159 1391 2217 nisi
1410 2181 1558 2221 con-

173 2238 321 2299 fulto
341 2283 364 2314 ‚
440 2232 566 2297 ut'et
585 2280 607 2309 ‚
638 2233 802 2317 quod
820 2250 1026 2294 contra
1046 2232 1290 2316 seipsum
1316 2240 1386 2297 sit
1407 2283 1428 2314 ‚
1466 2241 1557 2300 di-

175 2339 336 2380 cere.
465 2316 502 2376 d
527 2336 642 2399 ego
664 2335 789 2376 non
813 2313 889 2374 de
915 2311 1201 2394 praestanti
1218 2318 1468 2398 quadam
1490 2318 1562 2383 δι’

180 2402 434 2474 eximia,
470 2396 569 2459 sed
632 2396 779 2479 rope
800 2395 875 2456 de
901 2394 1001 2455 vul
1045 2396 1126 2455 ari
1159 2397 1224 2456 &
1256 2406 1562 2464 communi

179 2481 496 2564 prudentia
557 2480 569 2492 ⁸
677 2495 765 2539 to.
803 2475 984 2558 Apud
1069 2498 1250 2538 raecos
1269 2478 1450 2542 fertur
1467 2485 1563 2544 in-

180 2561 448 2624 credibili
464 2499 716 2642 quadziin
732 2558 1128 2641 magnitudine
1146 2561 1367 2620 consilii
1382 2580 1438 2622 at
1522 2585 1558 2627 e

184 2644 402 2726 ingenii
453 2640 826 2703 Atheniensis
876 2638 975 2699 ille
1020 2635 1187 2721 fuisse
1220 2639 1435 2702 Themi
1485 2666 1563 2705 o-

186 2725 339 2785 cles:
381 2720 459 2783 ad
488 2741 667 2802 quem
696 2719 933 2803 quidam
967 2716 1172 2778 doGus
1205 2718 1388 2779 homo
1409 2766 1428 2795 ,
1467 2742 1564 2783 at-

184 2824 299 2886 que
340 2805 400 2865 in
439 2803 644 2886 primis
689 2801 946 2864 eruditus
988 2797 1282 2862 accessisse
1318 2801 1520 2867 dicitur
1543 2846 1567 2882 ,
