2017 3634
502 230 602 305 68
813 233 972 305 DE
1029 230 1584 303 ORATORE

484 347 849 417 ‚mittendam
874 346 1128 430 putem?
1174 345 1358 408 Citius
1386 348 1619 408 hercule
1652 348 1701 407 is
1724 368 1754 422 ‚·
1796 346 1905 430 qui

483 427 755 499 (duorum
807 429 1157 490 scalmorum
1203 429 1531 489 naviculam
1581 431 1644 489 in
1699 432 1903 511 portu

486 513 779 571 everterit
799 556 819 585 ‚
854 514 914 570 in
937 509 1163 570 Euxino
1186 526 1377 591 ponto
1400 508 1905 592 Argonautarum

485 609 715 665 ‘navem
745 590 1096 674 gubernarit.

595 689 726 753 175·
760 672 929 752 Quid
959 717 980 745 ‚
1031 675 1079 731 si
1111 690 1187 731 ne
1213 678 1408 751 parvae
1436 669 1675 753 quidem
1704 670 1903 732 causae

482 748 628 813 sunt
647 797 668 825 ‚
706 751 806 813 sed
837 752 985 834 saepe
1026 755 1291 812 maximae
1312 797 1333 826 ‚
1364 754 1424 811 in
1452 753 1656 832 quibus
1694 770 1906 813 certa-

482 847 595 895 „tur
617 833 690 893 de
716 831 840 913 jure
860 834 1050 907 civili3
1088 832 1251 914 quod
1270 832 1511 893 tandem
1538 854 1606 892 os
1631 831 1716 893 est
1735 834 1901 894 illius

500 917 771 992 patroni,
815 917 913 995 qui
942 914 1017 974 ad
1046 934 1141 974 eas
1174 913 1363 973 causas
1398 916 1520 973 sine
1551 913 1668 973 ulla
1693 912 1903 975 scien-

502 995 583 1051 tia
616 991 754 1073 juris
781 994 955 1054 audet
988 994 1307 1057 accedere.²
1362 994 1517 1073 Quaz¹
1553 997 1754 1075 potuit
1785 997 1904 1077 igi-

486 1088 597 1133 ¹tur
627 1071 741 1134 esse
773 1073 933 1135 causa
969 1072 1160 1153 major
1179 1118 1201 1145 ,
1255 1073 1430 1155 quam
1460 1075 1608 1135 illius
1641 1073 1893 1148 militis}

506 1151 581 1214 de
616 1152 777 1233 cujus
817 1171 1007 1216 morte
1039 1200 1058 1230 ‚
1116 1176 1294 1237 quum
1332 1155 1575 1214 domum
1611 1155 1787 1215 falsus
1818 1156 1898 1216 ab

488 1237 761 1294 ‚exercitu
802 1239 1031 1296 nuntius
1065 1232 1353 1306 venisset,
1404 1236 1468 1294 &
1510 1253 1677 1316 pater
1717 1234 1898 1316 ejus»,

489 1333 571 1381 ,re
591 1315 845 1388 credita,
861 1314 1271 1377 testamentum
1285 1315 1582 1390 mutasset,
1616 1317 1680 1375 ὃ(
1703 1335 1898 1398 quem

502 1395 562 1469 ei
597 1394 777 1457 visum
812 1398 983 1472 estet,
1010 1395 1227 1456 fecisset
1264 1395 1583 1468 heredem,
1624 1396 1893 1480 essetque

504 1474 626 1557 ipse
659 1492 918 1539 mortuus
939 1523 960 1552 ‚
997 1498 1090 1539 res
1124 1475 1315 1537 delata
1345 1474 1427 1538 est
1454 1477 1532 1536 ad
1553 1481 1898 1540 centumvi-

492 1576 604 1631 1οβ
623 1601 648 1628 ,
687 1579 865 1639 quum
887 1558 1051 1618 miles
1076 1558 1319 1619 domum
1341 1558 1692 1630 revenisset,
1736 1580 1774 1620 e
1817 1562 1897 1620 ’s-
1983 1582 1984 1585 ¹

502 1634 700 1717 setque
722 1638 854 1718 lege
881 1639 939 1697 in
966 1637 1353 1701 hereditatem
1377 1656 1680 1720 paternam
1697 1655 1763 1700 te
1855 1673 1893 1688 ·-

418 1757 423 1761 -
507 1732 710 1777 mento
739 1717 980 1782 exheres
1022 1716 1170 1786 filius
1197 1718 1222 1779 ἓ
1265 1717 1589 1801 Nempein
1615 1740 1685 1780 ea
1716 1721 1891 1782 causa

504 1799 809 1877 quaesitum
834 1797 916 1862 est
939 1799 1015 1860 de
1034 1798 1162 1879 jure
1186 1800 1379 1871 civili,
1400 1801 1664 1881 possetne
1683 1818 1893 1882 patera-

504 1892 717 1940 norum
736 1879 1032 1940 bonorum
1066 1879 1310 1943 exheres
1343 1879 1454 1942 effe
1480 1878 1664 1955 filius,
1700 1903 1889 1963 quem

495 1973 675 2040 pater
707 1958 1054 2024 testamento
1093 1980 1283 2042 neque
1318 1960 1643 2034 heredem,
1684 1982 1888 2046 neque

512 2038 868 2101 exheredem
898 2040 1196 2122 scripsiss'et
1230 2043 1598 2102 nominatim.

498 2108 513 2129 ‘
590 2118 879 2183 XXXIX.
913 2121 1126 2202 Quid,
1163 2121 1378 2203 quade
1416 2142 1479 2182 re
1513 2126 1664 2185 inter
1703 2122 1885 2187 Mar-'-

507 2200 698 2261 cellos
718 2246 743 2274 ,
793 2203 858 2263 &
905 2201 1185 2264 Claudios
1225 2204 1494 2282 patricios
1537 2209 1887 2269 centumviri

495 2278 872 2361 judicarunt?
904 2304 1086 2364 quum
1123 2281 1393 2344 Marcelli
1417 2283 1491 2344 ab
1532 2283 1724 2344 liberti
1758 2285 1885 2349 filie>

505 2358 680 2442 stirpe
712 2408 730 2436 ‚
780 2361 1008 2425 Claudii
1051 2364 1274 2444 patricii
1321 2360 1581 2443 ejusdem
1623 2370 1885 2428 nominis

505 2441 891 2504 hereditatem
920 2460 1095 2525 gente
1134 2441 1208 2501 ad
1246 2448 1303 2504 ie
1340 2443 1558 2509 rediisse
1582 2444 1885 2521 dicerent,
1983 2468 1984 2473 ¹

505 2542 706 2583 nonne
743 2525 801 2582 in
840 2544 908 2584 ea
930 2523 1103 2587 ..causa
1138 2522 1245 2583 fuit
1283 2526 1611 2586 oratoribus
1636 2525 1712 2589 de
1746 2545 1885 2591 toto

504 2599 690 2684 stirpis
713 2625 780 2664 ac
843 2604 1134 2669 entilitatis
1160 2602 1662 2685 ini-edicendum?

526 2742 531 2745 ,
597 2703 737 2762 ι77.’
846 2687 983 2759 uid,
1023 2686 1184 2768 quod
1210 2688 1354 2749 item
1391 2688 1453 2747 in
1480 2690 1902 2752 centumvirali·

501 2761 718 2846 judicio
747 2784 1029 2835 certatum
1058 2766 1170 2832 effe
1197 2767 1528 2852 accepimus
1614 2770 1716 2857 qui
1749 2768 1888 2853 Bos-f
