2017 3634
516 328 677 406 ‘172
800 311 990 381 ,ΠΕ
1058 306 1200 407 Gn
1230 322 1284 378 Α
1315 318 1602 378 ‘tout

515 427 831 510 paucitate:
862 440 926 486 ut
947 445 1077 486 eam
1099 427 1402 487 materiam‘
1426 424 1706 487 orationis
1723 469 1743 499 ‚
1845 443 1892 487 a

514 506 789 589 cujusque
828 504 995 568 ess‘et¹
1036 507 1262 579 enm-is,
1307 504 1543 567 studiosi
1580 507 1683 588 qui
1714 526 1749 567 e
1795 524 1894 568 ent

514 587 789 663 dicendi,
849 591 1005 648 omn*
1053 610 1118 648 us
1156 588 1301 648 locis
1353 586 1699 667 descriptam
1730 631 1752 661 ,
1802 591 1893 649 in-

511 663 779 745 struRam
801 715 821 743 ,
860 688 1240 750 ornatamque
1283 668 1891 749 comprehenderent,

510 749 687 810 rebus
715 751 850 812 dico
873 793 894 825 ‚
922 750 988 811 &
1010 751 1322 811 sententiis·
1375 748 1477 809 Eae
1498 750 1560 810 vi
1583 748 1682 808 sua
1710 751 1890 810 verba

511 833 777 913 parient,
817 854 944 913 quae
965 829 1193 912 semper
1212 829 1342 893 satis
1362 848 1565 891 ornata
1595 830 1735 889 mihi
1760 833 1890 912 qui-

515 911 658 973 dem
694 912 884 974 videri
917 911 1104 972 solent
1128 957 1147 986 ,
1197 914 1246 971 si
1289 908 1573 990 ejusmodi
1603 910 1734 971 sunt
1756 956 1779 986 ‚
1828 929 1888 973 ut

513 1011 586 1054 ea
616 1014 707 1054 res
738 992 854 1075 ipsa
880 990 1161 1074 peperisse
1188 991 1475 1055 videatur.
1655 1050 1662 1057 ,

537 1142 541 1146 ,
606 1074 738 1148 146.
766 1074 897 1147 Ac,
930 1077 977 1134 si
1001 1094 1210 1135 verum
1241 1074 1526 1155 quaeritis,
1563 1071 1725 1154 quod
1750 1074 1891 1135 mihi

511 1155 753 1236 quidem
797 1155 1068 1216 videatur
1116 1155 1303 1230 (nihil
1346 1156 1501 1215 enim
1540 1154 1695 1213 aliud
1730 1154 1892 1215 affir-

512 1256 676 1306 mare
696 1233 920 1318 poss'um
943 1282 962 1311 ‚
1000 1239 1110 1296 nisi
1138 1235 1515 1309 sententiam,
1552 1236 1615 1294 &
1654 1238 1891 1315 opinio·-

511 1336 653 1377 nem
692 1317 925 1401 meam)
971 1317 1088 1379 hoc
1122 1315 1560 1379 instrumentum
1597 1315 1890 1378 causarum

510 1398 582 1460 &
604 1419 882 1481 generum
907 1396 1307 1462 universorum
1336 1400 1394 1456 in
1429 1396 1623 1456 forum
1649 1397 1889 1465 ,deferre

514 1478 803 1541 debemus
823 1526 842 1557 ,
874 1500 1099 1562 neque,
1123 1496 1187 1538 ut
1212 1498 1457 1562 quaeque
1485 1498 1578 1539 res
1597 1476 1794 1539 delata
1815 1479 1889 1539 ad

513 1581 628 1621 nos
662 1564 810 1634 erit,
832 1578 978 1629 ,tum
1013 1562 1263 1642 denique
1302 1558 1534 1621 scrutari
1568 1558 1777 1633 loc05,
1818 1581 1891 1621 ex

516 1640 720 1722 quibus
750 1659 1090 1723 argumenta
1124 1660 1389 1702 eruamus
1424 1660 1437 1699 :
1486 1661 1613 1720 quae
1648 1641 1890 1722 quidem

514 1723 790 1782 omnibus
811 1767 831 1796 ,
862 1726 961 1804 qui
985 1743 1054 1784 ea
1076 1722 1447 1784 mediocriter
1475 1719 1657 1780 modb
1694 1723 1894 1785 consi-

513 1801 774 1863 derarint
789 1847 809 1875 ‚
836 1801 1024 1864 studio
1046 1802 1309 1864 adhibito
1331 1803 1396 1862 &
1422 1800 1520 1862 usu
1543 1802 1892 1883 pertrafihta

514 1880 633 1945 effe
660 1882 928 1963 possunt3
965 1882 1066 1945 sed
1092 1902 1289 1947 tamen
1309 1885 1530 1943 animus
1550 1882 1891 1945 referendus

514 1961 604 2025 est
643 1964 717 2023 ad
763 1986 831 2025 ea
871 1968 1059 2047 capita
1082 2010 1102 2040 ‚
1150 1965 1217 2027 &
1252 1963 1325 2025 ad
1351 1963 1515 2038 illos,
1553 1985 1703 2046 quos
1737 1964 1891 2046 saepe

516 2038 637 2126 jam
662 2046 991 2127 appellavi,
1027 2047 1193 2109 locos
1214 2090 1235 2118 ‚
1265 2066 1339 2106 ex
1368 2045 1573 2127 quibus
1596 2048 1797 2105 omnia
1816 2046 1893 2107 ad

519 2145 764 2189 omnem
795 2130 1125 2188 orationem
1157 2130 1396 2188 inventa
1416 2125 1719 2187 ducuntur.
1777 2126 1895 2186 At-

516 2227 636 2290 que
660 2208 774 2267 hoc
799 2224 989 2269 totum
1008 2206 1092 2270 est
1118 2210 1243 2269 sive
1274 2209 1407 2267 artis
1425 2252 1445 2281 ‚
1486 2209 1611 2267 sive
1633 2208 1897 2268 animad-

518 2291 807 2361 versionis
822 2334 842 2364 ‚
866 2292 993 2352 sive-
1017 2287 1443 2351 consuetudinis
1459 2332 1479 2360 ,
1507 2286 1668 2349 nosse
1697 2292 1900 2370 regio·

518 2389 628 2433 nes
661 2415 680 2443 ‚
732 2373 882 2431 intra
917 2392 1059 2452 quas
1103 2389 1321 2435 venere
1348 2413 1367 2444 ,
1425 2370 1489 2428 &
1536 2367 1897 2452 pervestiges

519 2450 686 2532 quod
707 2471 945 2531 quaeras.
992 2448 1118 2511 Ubi
1136 2469 1272 2510 eum
1298 2450 1497 2509 locum
1523 2470 1770 2510 omnem
1789 2472 1901 2511 co-

519 2533 805 2615 gitatione
843 2529 1079 2611 sepseris
1107 2575 1131 2602 ,
1178 2534 1225 2590 si
1274 2530 1457 2591 modb
1493 2529 1655 2591 usum
1698 2551 1898 2594 terum

516 2612 889 2696 percallueris
903 2657 923 2687 ‚
946 2611 1088 2672 nihil
1108 2630 1168 2673 te
1186 2609 1425 2695 effugiet
1439 2656 1462 2683 ,
1482 2628 1655 2692 atque
1676 2632 1861 2675 omne
1876 2659 1899 2689 ,

519 2693 683 2778 quod
708 2696 814 2755 erit
839 2696 900 2753 in
933 2714 996 2755 re
1018 2739 1037 2768 ,
1072 2711 1369 2768 occurret,
1397 2711 1569 2774 atque
1597 2693 1836 2754 iricidet.

527 2780 535 2784 “
605 2774 867 2834 XXXV.
909 2773 985 2834 Et
1017 2777 1097 2834 sic
1116 2819 1136 2847 ‚
1164 2795 1343 2855 quum
1362 2774 1444 2834 ad
1471 2774 1900 2835 inveniendum

519 2858 587 2921 in
616 2854 864 2920 dicendo
890 2857 998 2919 tria
1032 2858 1184 2932 sint3
1212 2874 1460 2918 acumen
1479 2898 1500 2931 ,
1543 2853 1762 2918 deinde
1798 2875 1905 2926 εει-ε
