2017 3634
489 261 956 329 LIBER
1031 264 1208 333 III.
1375 267 1518 359 361

147 380 260 451 Ego
283 392 388 432 tum
408 380 606 448 gravida
624 411 642 438 ,
677 380 885 445 expletis
910 378 1007 447 jam
1029 380 1135 432 fere
1152 380 1215 431 ad
1242 380 1527 448 patiendum

441 474 685 555 mensibus
706 489 723 524 t
1420 513 1429 517 -

149 566 244 623 Per
260 570 392 621 idem
414 560 604 636 tempu's
628 567 924 637 Polydorum
946 567 1153 620 Hecuba
1182 581 1326 636 partu
1346 564 1530 638 postre-

442 678 523 713 mo
559 661 702 730 parit.

231 781 397 843 LIX.
439 781 671 844 Omnes
696 796 891 842 autem
916 780 1026 841 hos
1050 798 1248 844 motus
1267 783 1527 870 subsequi
1569 855 1574 860 ,

147 864 334 926 debet
383 860 572 946 gestus
595 908 614 938 ,
659 883 782 922 non
822 862 916 923 hic
972 862 1153 923 verba
1195 870 1529 947 exprimens

147 944 407 1006 scenicus
436 988 457 1019 ,
502 944 604 1005 sed
646 941 968 1003 universam
1013 965 1138 1004 rem
1185 947 1250 1007 &
1288 946 1529 1009 senten-

146 1029 333 1098 tiam,
372 1024 496 1086 non
529 1021 1027 1086 >demonstratione
1049 1070 1069 1098 ‚
1109 1024 1209 1087 sed
1242 1027 1532 1112 significa·-

147 1110 318 1168 tione
365 1106 661 1167 declarans
699 1150 720 1180 ‚
777 1104 1025 1166 laterum
1068 1108 1383 1171 inflexione
1417 1110 1527 1172 hac

147 1188 292 1248 forti
326 1209 394 1247 ac
427 1187 614 1267 virili,
656 1204 778 1247 non
817 1187 889 1246 ab
928 1186 1098 1248 scena
1129 1190 1194 1249 ὃ(
1236 1189 1531 1251 histrioni-

145 1268 257 1329 bus
277 1314 304 1341 ,
354 1268 454 1329 sed
488 1268 561 1328 ab
597 1270 768 1329 armis
790 1312 811 1342 ‚
850 1285 947 1327 aut
976 1269 1154 1329 etiam
1184 1291 1216 1330 a
1248 1271 1529 1352 palaestra.

151 1350 372 1410 Manus
417 1365 613 1410 autem
654 1349 841 1409 minus
879 1365 1118 1430 arguta,
1169 1350 1227 1409 di
1267 1353 1359 1411 itis
1397 1351 1534 1413 sub·

147 1430 397 1512 sequens
431 1431 651 1503 verba,
686 1450 808 1490 non
834 1430 1197 1509 exprimens:
1229 1372 1533 1494 {rachium

151 1513 455 1594 procerius
491 1509 816 1592 projeflum
838 1553 859 1583 ‚
899 1510 1065 1590 quasi
1099 1511 1399 1591 quoddam
1436 1531 1534 1574 te·—

153 1595 278 1655 lum
303 1594 618 1652 orationis:
659 1589 956 1673 supplosio
983 1590 1151 1671 pedis
1182 1593 1241 1651 in
1276 1610 1532 1656 conten-

147 1673 413 1735 tionibus
452 1689 548 1732 aut
580 1671 916 1752 incipiendis
941 1716 960 1746 ,
997 1688 1097 1731 aut
1131 1669 1417 1735 finiendis»

149 1776 156 1781 ’
242 1773 382 1814 221.
425 1752 544 1814 Sed
576 1754 635 1812 in
672 1772 779 1814 ore
809 1752 934 1812 sunt
959 1755 1198 1813 omniat
1235 1757 1295 1814 in
1320 1776 1397 1816 eo
1435 1778 1538 1817 au-

131 1832 443 1916 -temjpso
483 1834 809 1895 dominatus
842 1831 926 1895 est
954 1835 1144 1894 omnis
1180 1836 1484 1898 oculorum
1512 1859 1531 1899 ε

153 1918 284 2000 quo
319 1915 521 1976 melius
559 1913 736 1976 nostri
765 1914 845 1975 illi
872 1913 1036 1974 senes
1057 1958 1078 1988 ‚
1115 1917 1214 1999 qui
1251 1917 1534 2005 persona-

146 2019 288 2060 tum
364 2016 439 2057 ne
506 1994 780 2056 Roscium
865 1995 1104 2077 quidem
1168 2018 1383 2082 magno
1429 2021 1531 2063 ere

149 2077 494 2141 laudabant.
558 2076 760 2137 Animi
792 2073 875 2137 est
921 2079 1078 2137 enim
1110 2082 1301 2139 omnis
1336 2103 1367 2140 a
1425 2084 1532 2155 io,

143 2162 227 2222 ἃ
260 2163 458 2240 imago
497 2160 672 2218 animi
702 2157 896 2218 vultus
929 2155 1014 2217 est
1035 2202 1058 2229 ‚
1101 2159 1320 2219 indices
1357 2163 1535 2225 oculi.

153 2240 324 2302 Nam
340 2239 464 2299 haec
496 2237 577 2299 est
596 2259 708 2297 una
726 2258 856 2318 pars
879 2237 1143 2318 corporis
1158 2281 1179 2309 ,
1205 2260 1364 2320 quae,
1386 2258 1534 2323 quot

151 2323 343 2383 animi
385 2334 580 2381 motus
613 2318 740 2379 sunt
767 2361 789 2392 ,
847 2332 939 2378 tot
981 2315 1427 2400 significationes
1468 2322 1536 2383 δε

153 2403 655 2463 commutationes
681 2401 865 2481 possit
885 2396 1148 2460 efficere:
1180 2419 1369 2481 neque
1387 2404 1537 2464 verb

153 2483 249 2547 est
285 2479 418 2565 quis
448 2503 582 2541 uam
604 2525 625 2555 ‚
656 2483 790 2562 qui,
829 2481 1039 2542 eadem
1072 2496 1388 2557 contuens,
1409 2482 1540 2544 effi·-

155 2567 304 2627 ciat.
442 2559 817 2644 heophrastus
894 2562 1133 2643 quidem
1201 2560 1538 2625 Tauriscum

154 2644 484 2728 quemdam
528 2643 669 2704 dixit
710 2641 967 2711 a&orem
1009 2641 1270 2703 aversum
1309 2642 1539 2705 solitum

154 2724 284 2790 esse
323 2725 552 2798 dicere,
587 2725 685 2807 qui
718 2725 780 2783 in
813 2721 1084 2807 agendo,
1123 2739 1406 2790 contuens
1431 2724 1542 2797 ali-2

155 2805 309 2893 quid
328 2851 347 2880 ‚
377 2806 802 2888 pronuntiaret.

252 2892 457 2952 Tomus
491 2887 579 2951 ΙΙ.
1148 2883 1220 2968 Q
