2017 3634
533 266 695 364 '284
836 268 993 340 DE
1064 264 1296 336 Ona
1333 278 1619 332 rouz-
1768 354 1772 356 V

620 405 720 458 42.
762 379 860 443 Est
888 397 1085 442 autem
1127 380 1392 453 vitium,
1448 377 1623 461 quod
1649 376 1908 438 nonnulli

540 463 615 524 de
638 462 906 523 industria
943 460 1390 522 conseilantur:
1446 458 1654 520 rustica
1682 481 1805 521 vox
1843 460 1912 518 δε

535 544 768 625 agrestis
802 541 1081 625 quosdam
1108 541 1357 603 deleklat
1378 585 1400 615 ,
1431 542 1552 622 qui>
1585 542 1772 622 magis
1807 560 1918 599 an·-

534 627 861 704 tiquitatem
884 670 903 698 ,
949 626 994 684 si
1028 626 1109 693 ita
1142 621 1347 697 sonet,
1383 641 1591 683 eornm
1617 620 1808 681 sermo
1832 640 1918 681 re·

534 707 722 767 tinere
745 706 1051 778 videatur3
1090 720 1156 763 ut
1180 720 1343 776 tuus,
1382 701 1595 763 Catule
1615 747 1635 778 ,
1666 701 1871 761 sodalis
1890 745 1914 775 ‚

537 783 608 845 L.
647 786 873 858 Cotta,
912 785 1163 869 gaudere
1197 784 1337 844 mihi
1361 783 1596 843 videtur
1630 786 1918 865 gravitate

536 866 786 949 linguae,
838 868 1100 948 sonoque
1146 867 1311 924 vocis
1347 862 1554 946 agresti
1590 908 1612 938 ,
1661 865 1734 924 δι’
1777 862 1913 923 illud

537 949 703 1028 quod
728 950 983 1030 loquitur
1002 992 1021 1021 ‚
1057 944 1302 1027 priscum
1332 944 1515 1005 visum
1537 946 1605 1003 iri
1630 960 1801 1025 putat
1821 989 1837 1018 ,
1867 945 1915 1003 si

537 1029 711 1110 plane
751 1029 923 1088 fuerit
963 1027 1326 1086 rusticanum.
1396 1025 1510 1085 Me
1557 1041 1757 1085 autem
1792 1043 1920 1084 tuus

537 1107 708 1168 sonus
725 1153 744 1182 ‚
765 1109 828 1169 &
849 1108 1093 1168 suavitas
1115 1105 1216 1167 ista
1240 1105 1526 1179 deleAEtat;
1548 1108 1768 1166 omitto
1792 1126 1922 1167 ver-

537 1189 746 1248 borum
777 1235 797 1265 ,
837 1206 1188 1271 quamquam
1231 1185 1314 1248 est
1346 1203 1561 1268 caput3
1613 1190 1827 1248 verbm
1858 1186 1920 1247 id

538 1267 703 1330 affert
722 1273 869 1331 ratio
893 1315 912 1344 ,
935 1270 1156 1329 docent
1176 1270 1381 1329 litterae
1401 1313 1420 1342 ‚
1450 1264 1759 1328 confirmat
1781 1289 1923 1329 con·

537 1349 782 1411 suetudo
809 1352 873 1412 &
897 1351 1177 1433 legendi,
1201 1349 1597 1430 &loquendi
1631 1347 1754 1410 Sed
1773 1350 1922 1410 hanc

539 1431 676 1492 dico
693 1429 1033 1494 suavitatem
1048 1477 1067 1503 ‚
1093 1451 1221 1513 quae
1243 1432 1362 1509 exit
1389 1450 1462 1490 ex
1478 1449 1581 1489 ore
1599 1450 1622 1488 τ.
1641 1451 1773 1507 quae
1795 1432 1921 1512 qui-

543 1511 718 1587 dem,
748 1529 812 1574 ut
833 1512 990 1594 apud
1023 1508 1305 1584 Graeeos,
1346 1508 1719 1584 Atticorum,
1756 1514 1837 1571 sic
1863 1514 1921 1573 in

541 1591 753 1653 Latino
792 1592 1059 1655 sermone
1094 1637 1116 1667 ,
1164 1589 1337 1672 hujus
1367 1588 1452 1653 est
1478 1591 1635 1652 urbis
1665 1594 1925 1653 maxime

539 1677 799 1754 propria.
1753 1695 1757 1699 ⁴

622 1771 723 1832 43.
767 1752 1019 1813 Athenis
1056 1749 1177 1833 jam
1215 1753 1312 1813 diu
1356 1750 1618 1813 doeh-ina
1661 1751 1922 1834 ipsorum

537 1832 988 1894 Atheniensium
1018 1834 1271 1908 interiit,
1311 1833 1664 1894 domicilium
1689 1836 1930 1894 tantiam

539 1915 601 1973 in
645 1914 740 1972 illa
790 1915 935 1984 usbe
976 1932 1242 1974 remanet
1296 1912 1657 1987 studiorum,
1710 1914 1928 1997 quibus

537 2009 760 2055 vacant·
794 1994 953 2058 cives
982 2039 1000 2067 ‚
1058 1994 1349 2076 peregrini
1391 1995 1653 2055 fruuntur
1679 2038 1698 2068 ‚
1767 1997 1927 2077 capti

536 2074 982 2159 qnodammodo
1001 2077 1243 2136 nomine
1271 2074 1427 2135 urbis
1453 2076 1517 2135 &
1533 2074 1883 2137 anfion-itate
1903 2097 1922 2135 τ

537 2171 739 2215 tamen
759 2155 1173 2216 eruditissimos
1189 2156 1459 2216 homines
1478 2155 1772 2219 Asiaticos
1797 2154 1928 2238 quiss
2003 2208 2004 2213 ,

536 2238 628 2295 vis
652 2236 1025 2296 Atheniensis
1049 2236 1314 2296 indo&us
1335 2281 1355 2309 ,
1384 2257 1506 2297 non
1529 2235 1729 2296 verbis
1752 2281 1772 2309 ‚
1819 2235 1926 2297 sec}

535 2315 683 2377 sono
715 2320 881 2377 vocis
905 2361 924 2387 ‚
972 2337 1085 2378 nec
1113 2334 1234 2376 tam
1272 2316 1428 2376 hene·
1449 2362 1468 2389 ‚
1505 2315 1682 2397 quim
1722 2315 1926 2378 suavi-

538 2414 631 2457 ter
650 2397 959 2477 loquendo
977 2443 996 2470 ‚
1034 2396 1202 2458 facile
1229 2395 1546 2498 superabit.=
1576 2394 1781 2458 Nostri
1807 2401 1931 2458 mi-

539 2480 647 2537 ni1s
679 2476 909 2537 student
941 2477 1139 2538 litteris
1160 2523 1179 2552 ,
1215 2499 1389 2559 quam
1418 2477 1607 2537 Latini
1643 2497 1664 2535 ·.
1715 2494 1928 2540 tamen
2003 2526 2004 2541 1

539 2577 617 2619 ex
651 2556 806 2628 istis,
844 2578 990 2639 quos
1025 2556 1242 2633 nostis,
1282 2558 1514 2620 urbanis
1538 2602 1558 2632 ,
1604 2559 1666 2617 in
1709 2562 1929 2643 quibus
2003 2626 2004 2631 χ

537 2637 841 2702 minimilm
882 2635 964 2699 est
1010 2639 1328 2701 litterarum
1355 2684 1376 2713 ‚
1430 2659 1610 2698 nemo
1651 2637 1746 2699 est
1787 2645 1926 2724 quin
2003 2640 2004 2647 '

538 2721 1014 2782 litteratissimum
1061 2737 1399 2803 togatorum
1450 2720 1719 2780 omnium
1754 2766 1774 2794 ‚
1836 2721 1928 2802 Q.

537 2799 841 2867 Valerium
864 2799 1155 2863 Soranum
1175 2847 1196 2880 ,
1230 2801 1468 2867 lenitate
1494 2800 1661 2866 vocis
1677 2845 1706 2877 ,.
1745 2819 1933 2889 atque
