<?xml version="1.0" encoding="UTF-8"?>
<!DOCTYPE html PUBLIC "-//W3C//DTD XHTML 1.0 Transitional//EN"
    "http://www.w3.org/TR/xhtml1/DTD/xhtml1-transitional.dtd">
<html xmlns="http://www.w3.org/1999/xhtml" xml:lang="en" lang="en">
 <head>
  <title>
</title>
<meta http-equiv="Content-Type" content="text/html;charset=utf-8" />
  <meta name='ocr-system' content='tesseract 3.04.00' />
  <meta name='ocr-capabilities' content='ocr_page ocr_carea ocr_par ocr_line ocrx_word'/>
</head>
<body>
  <div class='ocr_page' id='page_1' title='image "./mtulliiciceroni18unkngoog_0536.png"; bbox 0 0 2017 3634; ppageno 0'>
   <div class='ocr_carea' id='block_1_1' title="bbox 504 310 1875 524">
    <p class='ocr_par' dir='ltr' id='par_1_1' title="bbox 504 310 1875 524">
     <span class='ocr_line' id='line_1_1' title="bbox 506 310 1790 411; baseline -0.007 -24"><span class='ocrx_word' id='word_1_1' title='bbox 506 312 659 410; x_wconf 82' lang='lat'><strong>508</strong></span> <span class='ocrx_word' id='word_1_2' title='bbox 786 314 958 382; x_wconf 60' lang='lat' dir='ltr'><strong>Dr:</strong></span> <span class='ocrx_word' id='word_1_3' title='bbox 1030 310 1588 382; x_wconf 64' lang='lat' dir='ltr'><strong><em>CLARIS</em></strong></span> <span class='ocrx_word' id='word_1_4' title='bbox 1779 406 1790 411; x_wconf 16' lang='grc' dir='ltr'>ἱ</span> 
     </span>
     <span class='ocr_line' id='line_1_2' title="bbox 504 416 1875 524; baseline -0.007 -32"><span class='ocrx_word' id='word_1_5' title='bbox 504 435 590 515; x_wconf 80' lang='lat' dir='ltr'><strong>gis</strong></span> <span class='ocrx_word' id='word_1_6' title='bbox 618 434 790 492; x_wconf 72' lang='lat' dir='ltr'><strong>etiam</strong></span> <span class='ocrx_word' id='word_1_7' title='bbox 820 416 1352 501; x_wconf 55' lang='lat' dir='ltr'><strong>Meneclesssrater</strong></span> <span class='ocrx_word' id='word_1_8' title='bbox 1370 424 1875 524; x_wconf 39' lang='lat' dir='ltr'><strong>ejus‚fuit;·qu0-</strong></span> 
     </span>
    </p>
   </div>
   <div class='ocr_carea' id='block_1_2' title="bbox 484 506 1874 2937">
    <p class='ocr_par' dir='ltr' id='par_1_2' title="bbox 493 506 1874 2673">
     <span class='ocr_line' id='line_1_3' title="bbox 503 506 1872 591; baseline -0.001 -18"><span class='ocrx_word' id='word_1_9' title='bbox 503 532 632 573; x_wconf 82' lang='lat' dir='ltr'><strong>rum</strong></span> <span class='ocrx_word' id='word_1_10' title='bbox 667 509 948 591; x_wconf 88' lang='lat' dir='ltr'><strong>utriusque</strong></span> <span class='ocrx_word' id='word_1_11' title='bbox 986 511 1281 579; x_wconf 81' lang='lat' dir='ltr'><strong>orationes</strong></span> <span class='ocrx_word' id='word_1_12' title='bbox 1314 506 1440 577; x_wconf 80' lang='lat' dir='ltr'><strong>sunt</strong></span> <span class='ocrx_word' id='word_1_13' title='bbox 1467 510 1530 567; x_wconf 86' lang='lat' dir='ltr'><strong>in</strong></span> <span class='ocrx_word' id='word_1_14' title='bbox 1553 511 1795 589; x_wconf 76' lang='lat' dir='ltr'><strong>prinus,</strong></span> <span class='ocrx_word' id='word_1_15' title='bbox 1817 524 1872 572; x_wconf 82' lang='lat' dir='ltr'><strong>ut</strong></span> 
     </span>
     <span class='ocr_line' id='line_1_4' title="bbox 503 586 1874 673; baseline 0 -21"><span class='ocrx_word' id='word_1_16' title='bbox 503 594 765 654; x_wconf 83' lang='lat' dir='ltr'><strong>Asiatico</strong></span> <span class='ocrx_word' id='word_1_17' title='bbox 798 594 857 650; x_wconf 88' lang='lat' dir='ltr'><strong>in</strong></span> <span class='ocrx_word' id='word_1_18' title='bbox 889 609 1149 673; x_wconf 84' lang='lat' dir='ltr'><strong>genere,</strong></span> <span class='ocrx_word' id='word_1_19' title='bbox 1180 586 1510 650; x_wconf 75' lang='lat' dir='ltr'><strong>laudabiles.</strong></span> <span class='ocrx_word' id='word_1_20' title='bbox 1554 589 1746 650; x_wconf 88' lang='lat' dir='ltr'><strong>Aliud</strong></span> <span class='ocrx_word' id='word_1_21' title='bbox 1776 614 1874 652; x_wconf 87' lang='lat' dir='ltr'><strong>au·</strong></span> 
     </span>
     <span class='ocr_line' id='line_1_5' title="bbox 497 667 1873 755; baseline -0.002 -21"><span class='ocrx_word' id='word_1_22' title='bbox 497 690 621 734; x_wconf 83' lang='lat' dir='ltr'><strong>tem</strong></span> <span class='ocrx_word' id='word_1_23' title='bbox 645 691 828 755; x_wconf 86' lang='lat' dir='ltr'><strong>genus</strong></span> <span class='ocrx_word' id='word_1_24' title='bbox 874 669 956 732; x_wconf 90' lang='lat' dir='ltr'><strong>est</strong></span> <span class='ocrx_word' id='word_1_25' title='bbox 988 691 1110 730; x_wconf 89' lang='lat' dir='ltr'><strong>non</strong></span> <span class='ocrx_word' id='word_1_26' title='bbox 1137 686 1254 729; x_wconf 89' lang='lat' dir='ltr'><strong>tam</strong></span> <span class='ocrx_word' id='word_1_27' title='bbox 1279 667 1577 729; x_wconf 82' lang='lat' dir='ltr'><strong>sententiis</strong></span> <span class='ocrx_word' id='word_1_28' title='bbox 1605 669 1873 753; x_wconf 84' lang='lat' dir='ltr'><strong>frequen-</strong></span> 
     </span>
     <span class='ocr_line' id='line_1_6' title="bbox 494 748 1873 834; baseline -0.009 -20"><span class='ocrx_word' id='word_1_29' title='bbox 494 768 680 815; x_wconf 78' lang='lat' dir='ltr'><strong>tatum</strong></span> <span class='ocrx_word' id='word_1_30' title='bbox 704 798 724 828; x_wconf 84' lang='lat'>‚</span> <span class='ocrx_word' id='word_1_31' title='bbox 758 752 933 834; x_wconf 58' lang='lat' dir='ltr'><strong>qulam</strong></span> <span class='ocrx_word' id='word_1_32' title='bbox 967 752 1161 811; x_wconf 87' lang='lat' dir='ltr'><strong>verbis</strong></span> <span class='ocrx_word' id='word_1_33' title='bbox 1196 748 1438 809; x_wconf 86' lang='lat' dir='ltr'><strong>volucre</strong></span> <span class='ocrx_word' id='word_1_34' title='bbox 1468 794 1488 825; x_wconf 86' lang='lat'>‚</span> <span class='ocrx_word' id='word_1_35' title='bbox 1527 768 1711 833; x_wconf 83' lang='lat' dir='ltr'><strong>arque</strong></span> <span class='ocrx_word' id='word_1_36' title='bbox 1746 756 1873 814; x_wconf 68' lang='lat' dir='ltr'><strong>inci.</strong></span> 
     </span>
     <span class='ocr_line' id='line_1_7' title="bbox 496 830 1874 915; baseline -0.001 -19"><span class='ocrx_word' id='word_1_37' title='bbox 496 850 728 907; x_wconf 76' lang='lat' dir='ltr'><strong>tatum3</strong></span> <span class='ocrx_word' id='word_1_38' title='bbox 762 833 917 915; x_wconf 86' lang='lat' dir='ltr'><strong>quali</strong></span> <span class='ocrx_word' id='word_1_39' title='bbox 946 830 1029 892; x_wconf 88' lang='lat' dir='ltr'><strong>est</strong></span> <span class='ocrx_word' id='word_1_40' title='bbox 1053 850 1203 890; x_wconf 84' lang='lat' dir='ltr'><strong>nunc</strong></span> <span class='ocrx_word' id='word_1_41' title='bbox 1237 832 1373 889; x_wconf 82' lang='lat' dir='ltr'><strong>Asia</strong></span> <span class='ocrx_word' id='word_1_42' title='bbox 1400 847 1570 903; x_wconf 81' lang='lat' dir='ltr'><strong>tota3</strong></span> <span class='ocrx_word' id='word_1_43' title='bbox 1616 853 1732 893; x_wconf 87' lang='lat' dir='ltr'><strong>nec</strong></span> <span class='ocrx_word' id='word_1_44' title='bbox 1773 836 1874 894; x_wconf 85' lang='lat' dir='ltr'><strong>flu·</strong></span> 
     </span>
     <span class='ocr_line' id='line_1_8' title="bbox 496 909 1872 988; baseline 0 -13"><span class='ocrx_word' id='word_1_45' title='bbox 496 919 657 976; x_wconf 85' lang='lat' dir='ltr'><strong>mine</strong></span> <span class='ocrx_word' id='word_1_46' title='bbox 680 913 866 974; x_wconf 70' lang='lat' dir='ltr'><strong>solum</strong></span> <span class='ocrx_word' id='word_1_47' title='bbox 886 914 1163 972; x_wconf 82' lang='lat' dir='ltr'><strong>orationis</strong></span> <span class='ocrx_word' id='word_1_48' title='bbox 1185 955 1204 984; x_wconf 89' lang='lat'>,</span> <span class='ocrx_word' id='word_1_49' title='bbox 1224 909 1324 970; x_wconf 90' lang='lat' dir='ltr'><strong>sed</strong></span> <span class='ocrx_word' id='word_1_50' title='bbox 1344 913 1523 971; x_wconf 82' lang='lat' dir='ltr'><strong>etiam</strong></span> <span class='ocrx_word' id='word_1_51' title='bbox 1543 932 1835 975; x_wconf 80' lang='lat' dir='ltr'><strong>exornato</strong></span> <span class='ocrx_word' id='word_1_52' title='bbox 1853 958 1872 988; x_wconf 90' lang='lat'><strong>,</strong></span> 
     </span>
     <span class='ocr_line' id='line_1_9' title="bbox 500 993 1870 1076; baseline -0.003 -20"><span class='ocrx_word' id='word_1_53' title='bbox 500 998 568 1056; x_wconf 73' lang='grc' dir='ltr'><strong>δι</strong></span> <span class='ocrx_word' id='word_1_54' title='bbox 604 995 798 1055; x_wconf 87' lang='lat' dir='ltr'><strong>face-to</strong></span> <span class='ocrx_word' id='word_1_55' title='bbox 842 1013 1059 1076; x_wconf 84' lang='lat' dir='ltr'><strong>genere</strong></span> <span class='ocrx_word' id='word_1_56' title='bbox 1101 993 1419 1052; x_wconf 82' lang='lat' dir='ltr'><strong>verborum</strong></span> <span class='ocrx_word' id='word_1_57' title='bbox 1451 1013 1467 1050; x_wconf 76' lang='lat' dir='ltr'><strong><em>z</em></strong></span> <span class='ocrx_word' id='word_1_58' title='bbox 1504 994 1566 1050; x_wconf 78' lang='lat' dir='ltr'><strong>in</strong></span> <span class='ocrx_word' id='word_1_59' title='bbox 1611 1014 1736 1073; x_wconf 90' lang='lat' dir='ltr'><strong>quo</strong></span> <span class='ocrx_word' id='word_1_60' title='bbox 1775 996 1870 1056; x_wconf 79' lang='lat' dir='ltr'><strong>fnit</strong></span> 
     </span>
     <span class='ocr_line' id='line_1_10' title="bbox 496 1072 1870 1157; baseline -0.001 -21"><span class='ocrx_word' id='word_1_61' title='bbox 496 1075 803 1157; x_wconf 75' lang='lat' dir='ltr'><strong>AEschylus</strong></span> <span class='ocrx_word' id='word_1_62' title='bbox 850 1073 1131 1143; x_wconf 82' lang='lat' dir='ltr'>Cnidius,</span> <span class='ocrx_word' id='word_1_63' title='bbox 1173 1072 1236 1130; x_wconf 86' lang='lat'>&amp;</span> <span class='ocrx_word' id='word_1_64' title='bbox 1275 1091 1437 1130; x_wconf 85' lang='lat' dir='ltr'><strong>meus</strong></span> <span class='ocrx_word' id='word_1_65' title='bbox 1475 1075 1718 1153; x_wconf 79' lang='lat' dir='ltr'><strong>aequalis</strong></span> <span class='ocrx_word' id='word_1_66' title='bbox 1760 1076 1870 1137; x_wconf 55' lang='lat' dir='ltr'><strong>Miss</strong></span> 
     </span>
     <span class='ocr_line' id='line_1_11' title="bbox 495 1150 1872 1217; baseline -0.003 -1"><span class='ocrx_word' id='word_1_67' title='bbox 495 1158 667 1217; x_wconf 81' lang='lat' dir='ltr'><strong>lesius</strong></span> <span class='ocrx_word' id='word_1_68' title='bbox 703 1153 1019 1215; x_wconf 69' lang='lat' dir='ltr'><strong>AEschineS.</strong></span> <span class='ocrx_word' id='word_1_69' title='bbox 1061 1150 1129 1211; x_wconf 87' lang='lat' dir='ltr'><strong>In</strong></span> <span class='ocrx_word' id='word_1_70' title='bbox 1149 1153 1213 1210; x_wconf 80' lang='lat' dir='ltr'><strong>iis</strong></span> <span class='ocrx_word' id='word_1_71' title='bbox 1237 1167 1357 1211; x_wconf 85' lang='lat' dir='ltr'><strong>erat</strong></span> <span class='ocrx_word' id='word_1_72' title='bbox 1375 1151 1736 1214; x_wconf 85' lang='lat' dir='ltr'><strong>admirabilis</strong></span> <span class='ocrx_word' id='word_1_73' title='bbox 1759 1178 1872 1217; x_wconf 83' lang='lat' dir='ltr'><strong>ora·</strong></span> 
     </span>
     <span class='ocr_line' id='line_1_12' title="bbox 494 1230 1872 1308; baseline 0 -12"><span class='ocrx_word' id='word_1_74' title='bbox 494 1239 671 1296; x_wconf 79' lang='lat' dir='ltr'><strong>tionis</strong></span> <span class='ocrx_word' id='word_1_75' title='bbox 706 1234 893 1296; x_wconf 85' lang='lat' dir='ltr'><strong>cursus</strong></span> <span class='ocrx_word' id='word_1_76' title='bbox 914 1279 933 1308; x_wconf 90' lang='lat'>‚</span> <span class='ocrx_word' id='word_1_77' title='bbox 964 1249 1164 1293; x_wconf 84' lang='lat' dir='ltr'><strong>ornata</strong></span> <span class='ocrx_word' id='word_1_78' title='bbox 1201 1230 1614 1293; x_wconf 86' lang='lat' dir='ltr'><strong>sententiarum</strong></span> <span class='ocrx_word' id='word_1_79' title='bbox 1636 1239 1872 1296; x_wconf 86' lang='lat' dir='ltr'><strong>concin-</strong></span> 
     </span>
     <span class='ocr_line' id='line_1_13' title="bbox 495 1322 1864 1378; baseline -0.004 -2"><span class='ocrx_word' id='word_1_80' title='bbox 495 1322 644 1378; x_wconf 86' lang='lat' dir='ltr'>nitas</span> <span class='ocrx_word' id='word_1_81' title='bbox 669 1338 789 1377; x_wconf 86' lang='lat' dir='ltr'><strong>non</strong></span> <span class='ocrx_word' id='word_1_82' title='bbox 825 1333 966 1376; x_wconf 78' lang='lat' dir='ltr'><strong>erat.</strong></span> <span class='ocrx_word' id='word_1_83' title='bbox 1855 1336 1864 1347; x_wconf 81' lang='lat'><strong>.</strong></span> 
     </span>
     <span class='ocr_line' id='line_1_14' title="bbox 500 1392 1869 1478; baseline -0.004 -18"><span class='ocrx_word' id='word_1_84' title='bbox 500 1418 513 1433; x_wconf 54' lang='lat'><strong>⁸</strong></span> <span class='ocrx_word' id='word_1_85' title='bbox 582 1398 716 1478; x_wconf 83' lang='lat'><strong>326.</strong></span> <span class='ocrx_word' id='word_1_86' title='bbox 759 1397 903 1458; x_wconf 84' lang='lat' dir='ltr'><strong>Haec</strong></span> <span class='ocrx_word' id='word_1_87' title='bbox 936 1412 1130 1455; x_wconf 82' lang='lat' dir='ltr'><strong>autem</strong></span> <span class='ocrx_word' id='word_1_88' title='bbox 1154 1437 1176 1467; x_wconf 90' lang='lat'>‚</span> <span class='ocrx_word' id='word_1_89' title='bbox 1212 1409 1277 1453; x_wconf 91' lang='lat' dir='ltr'><strong>ut</strong></span> <span class='ocrx_word' id='word_1_90' title='bbox 1311 1392 1464 1466; x_wconf 76' lang='lat' dir='ltr'><strong>dixi,</strong></span> <span class='ocrx_word' id='word_1_91' title='bbox 1509 1414 1734 1476; x_wconf 85' lang='lat' dir='ltr'><strong>genera</strong></span> <span class='ocrx_word' id='word_1_92' title='bbox 1786 1396 1869 1458; x_wconf 83' lang='lat' dir='ltr'><strong>di-</strong></span> 
     </span>
     <span class='ocr_line' id='line_1_15' title="bbox 497 1472 1872 1560; baseline -0.002 -19"><span class='ocrx_word' id='word_1_93' title='bbox 497 1480 670 1541; x_wconf 83' lang='lat' dir='ltr'><strong>cendi</strong></span> <span class='ocrx_word' id='word_1_94' title='bbox 703 1479 926 1560; x_wconf 82' lang='lat' dir='ltr'>aptiora</span> <span class='ocrx_word' id='word_1_95' title='bbox 956 1474 1082 1535; x_wconf 88' lang='lat' dir='ltr'><strong>sunt</strong></span> <span class='ocrx_word' id='word_1_96' title='bbox 1113 1472 1575 1535; x_wconf 84' lang='lat' dir='ltr'><strong>adolescentibus</strong></span> <span class='ocrx_word' id='word_1_97' title='bbox 1595 1492 1617 1535; x_wconf 66' lang='grc' dir='ltr'><strong>ξ</strong></span> <span class='ocrx_word' id='word_1_98' title='bbox 1649 1479 1709 1537; x_wconf 86' lang='lat' dir='ltr'><strong>in</strong></span> <span class='ocrx_word' id='word_1_99' title='bbox 1735 1476 1872 1541; x_wconf 65' lang='lat' dir='ltr'><strong>senia</strong></span> 
     </span>
     <span class='ocr_line' id='line_1_16' title="bbox 494 1553 1868 1643; baseline -0.001 -22"><span class='ocrx_word' id='word_1_100' title='bbox 494 1562 604 1621; x_wconf 84' lang='lat' dir='ltr'><strong>bus</strong></span> <span class='ocrx_word' id='word_1_101' title='bbox 622 1562 967 1643; x_wconf 80' lang='lat' dir='ltr'><strong>gravitatem</strong></span> <span class='ocrx_word' id='word_1_102' title='bbox 984 1577 1106 1615; x_wconf 86' lang='lat' dir='ltr'><strong>non</strong></span> <span class='ocrx_word' id='word_1_103' title='bbox 1122 1556 1359 1615; x_wconf 81' lang='lat' dir='ltr'><strong>habent.</strong></span> <span class='ocrx_word' id='word_1_104' title='bbox 1378 1553 1586 1636; x_wconf 85' lang='lat' dir='ltr'><strong>ltaque</strong></span> <span class='ocrx_word' id='word_1_105' title='bbox 1613 1557 1868 1619; x_wconf 60' lang='lat' dir='ltr'><strong>Horten*</strong></span> 
     </span>
     <span class='ocr_line' id='line_1_17' title="bbox 496 1636 1867 1720; baseline -0.001 -19"><span class='ocrx_word' id='word_1_106' title='bbox 496 1645 609 1701; x_wconf 77' lang='lat' dir='ltr'><strong>sius</strong></span> <span class='ocrx_word' id='word_1_107' title='bbox 634 1658 884 1719; x_wconf 87' lang='lat' dir='ltr'><strong>utroque</strong></span> <span class='ocrx_word' id='word_1_108' title='bbox 920 1654 1136 1720; x_wconf 83' lang='lat' dir='ltr'><strong>genere</strong></span> <span class='ocrx_word' id='word_1_109' title='bbox 1157 1637 1370 1697; x_wconf 86' lang='lat' dir='ltr'><strong>florens</strong></span> <span class='ocrx_word' id='word_1_110' title='bbox 1399 1680 1419 1708; x_wconf 90' lang='lat'><strong>‚</strong></span> <span class='ocrx_word' id='word_1_111' title='bbox 1465 1636 1759 1699; x_wconf 82' lang='lat' dir='ltr'><strong>clamores</strong></span> <span class='ocrx_word' id='word_1_112' title='bbox 1789 1639 1867 1699; x_wconf 85' lang='lat' dir='ltr'><strong>fa·</strong></span> 
     </span>
     <span class='ocr_line' id='line_1_18' title="bbox 496 1717 1867 1781; baseline 0.001 -1"><span class='ocrx_word' id='word_1_113' title='bbox 496 1721 688 1781; x_wconf 83' lang='lat' dir='ltr'><strong>&#39;ciebat</strong></span> <span class='ocrx_word' id='word_1_114' title='bbox 709 1717 1065 1779; x_wconf 85' lang='lat' dir='ltr'><strong>adolescens.</strong></span> <span class='ocrx_word' id='word_1_115' title='bbox 1102 1717 1378 1777; x_wconf 85' lang='lat' dir='ltr'><strong>Habebat</strong></span> <span class='ocrx_word' id='word_1_116' title='bbox 1396 1717 1555 1776; x_wconf 79' lang='lat' dir='ltr'><strong>enim</strong></span> <span class='ocrx_word' id='word_1_117' title='bbox 1572 1719 1639 1776; x_wconf 69' lang='grc' dir='ltr'>ἃ</span> <span class='ocrx_word' id='word_1_118' title='bbox 1661 1718 1867 1781; x_wconf 52' lang='lat' dir='ltr'><strong>Mene*</strong></span> 
     </span>
     <span class='ocr_line' id='line_1_19' title="bbox 497 1797 1867 1870; baseline 0 -10"><span class='ocrx_word' id='word_1_119' title='bbox 497 1802 669 1861; x_wconf 81' lang='lat' dir='ltr'><strong>elium</strong></span> <span class='ocrx_word' id='word_1_120' title='bbox 705 1799 861 1860; x_wconf 79' lang='lat' dir='ltr'><strong>illud·</strong></span> <span class='ocrx_word' id='word_1_121' title='bbox 886 1797 1129 1858; x_wconf 83' lang='lat' dir='ltr'><strong>studium</strong></span> <span class='ocrx_word' id='word_1_122' title='bbox 1182 1797 1509 1858; x_wconf 85' lang='lat' dir='ltr'><strong>crebrarum</strong></span> <span class='ocrx_word' id='word_1_123' title='bbox 1545 1840 1567 1870; x_wconf 91' lang='lat'>‚</span> <span class='ocrx_word' id='word_1_124' title='bbox 1599 1798 1867 1860; x_wconf 85' lang='lat' dir='ltr'><strong>venusta·</strong></span> 
     </span>
     <span class='ocr_line' id='line_1_20' title="bbox 494 1879 1865 1964; baseline 0 -22"><span class='ocrx_word' id='word_1_125' title='bbox 494 1896 740 1964; x_wconf 78' lang='lat' dir='ltr'><strong>rumque</strong></span> <span class='ocrx_word' id='word_1_126' title='bbox 763 1880 1167 1948; x_wconf 80' lang='lat' dir='ltr'><strong>sententiarum</strong></span> <span class='ocrx_word' id='word_1_127' title='bbox 1191 1898 1210 1951; x_wconf 90' lang='lat'>;</span> <span class='ocrx_word' id='word_1_128' title='bbox 1239 1880 1300 1937; x_wconf 85' lang='lat' dir='ltr'><strong>in</strong></span> <span class='ocrx_word' id='word_1_129' title='bbox 1317 1879 1524 1958; x_wconf 85' lang='lat' dir='ltr'><strong>quibus</strong></span> <span class='ocrx_word' id='word_1_130' title='bbox 1540 1922 1560 1951; x_wconf 93' lang='lat'>‚</span> <span class='ocrx_word' id='word_1_131' title='bbox 1598 1882 1746 1940; x_wconf 90' lang='lat' dir='ltr'><strong>utin</strong></span> <span class='ocrx_word' id='word_1_132' title='bbox 1767 1881 1865 1942; x_wconf 81' lang='lat' dir='ltr'><strong>illo</strong></span> 
     </span>
     <span class='ocr_line' id='line_1_21' title="bbox 497 1959 1864 2044; baseline -0.001 -21"><span class='ocrx_word' id='word_1_133' title='bbox 497 1962 745 2033; x_wconf 85' lang='lat' dir='ltr'><strong>Graeco,</strong></span> <span class='ocrx_word' id='word_1_134' title='bbox 785 1963 866 2020; x_wconf 90' lang='lat' dir='ltr'><strong>sic</strong></span> <span class='ocrx_word' id='word_1_135' title='bbox 912 1963 971 2018; x_wconf 84' lang='lat' dir='ltr'><strong>in</strong></span> <span class='ocrx_word' id='word_1_136' title='bbox 1002 1960 1122 2019; x_wconf 82' lang='lat' dir='ltr'><strong>hoc</strong></span> <span class='ocrx_word' id='word_1_137' title='bbox 1147 2002 1167 2033; x_wconf 82' lang='lat'><strong>‚</strong></span> <span class='ocrx_word' id='word_1_138' title='bbox 1206 1979 1367 2021; x_wconf 86' lang='lat' dir='ltr'><strong>erant</strong></span> <span class='ocrx_word' id='word_1_139' title='bbox 1392 1959 1661 2039; x_wconf 81' lang='lat' dir='ltr'><strong>quaedam</strong></span> <span class='ocrx_word' id='word_1_140' title='bbox 1693 1965 1864 2044; x_wconf 82' lang='lat' dir='ltr'><strong>magis</strong></span> 
     </span>
     <span class='ocr_line' id='line_1_22' title="bbox 493 2038 1864 2122; baseline 0.001 -20"><span class='ocrx_word' id='word_1_141' title='bbox 493 2039 750 2103; x_wconf 76' lang='lat' dir='ltr'><strong>venustae</strong></span> <span class='ocrx_word' id='word_1_142' title='bbox 770 2085 789 2115; x_wconf 91' lang='lat'><strong>,</strong></span> <span class='ocrx_word' id='word_1_143' title='bbox 832 2040 1140 2122; x_wconf 82' lang='lat' dir='ltr'><strong>dulcesque</strong></span> <span class='ocrx_word' id='word_1_144' title='bbox 1181 2038 1475 2100; x_wconf 83' lang='lat' dir='ltr'><strong>sententiae</strong></span> <span class='ocrx_word' id='word_1_145' title='bbox 1498 2084 1518 2113; x_wconf 87' lang='lat'><strong>‚</strong></span> <span class='ocrx_word' id='word_1_146' title='bbox 1555 2040 1736 2120; x_wconf 69' lang='lat' dir='ltr'><strong>quam</strong></span> <span class='ocrx_word' id='word_1_147' title='bbox 1776 2059 1864 2103; x_wconf 89' lang='lat' dir='ltr'><strong>aut</strong></span> 
     </span>
     <span class='ocr_line' id='line_1_23' title="bbox 494 2119 1869 2195; baseline -0.001 -11"><span class='ocrx_word' id='word_1_148' title='bbox 494 2121 815 2185; x_wconf 68' lang='lat' dir='ltr'><strong>necess&#39;ariae</strong></span> <span class='ocrx_word' id='word_1_149' title='bbox 831 2167 851 2195; x_wconf 90' lang='lat'>,</span> <span class='ocrx_word' id='word_1_150' title='bbox 871 2139 968 2182; x_wconf 85' lang='lat' dir='ltr'><strong>aut</strong></span> <span class='ocrx_word' id='word_1_151' title='bbox 985 2119 1275 2181; x_wconf 86' lang='lat' dir='ltr'><strong>interdum</strong></span> <span class='ocrx_word' id='word_1_152' title='bbox 1290 2120 1478 2181; x_wconf 83' lang='lat' dir='ltr'><strong>utiles.</strong></span> <span class='ocrx_word' id='word_1_153' title='bbox 1507 2119 1585 2179; x_wconf 89' lang='lat' dir='ltr'><strong>Et</strong></span> <span class='ocrx_word' id='word_1_154' title='bbox 1603 2139 1727 2182; x_wconf 88' lang='lat' dir='ltr'><strong>erat</strong></span> <span class='ocrx_word' id='word_1_155' title='bbox 1744 2145 1869 2195; x_wconf 76' lang='lat' dir='ltr'><strong>ora-</strong></span> 
     </span>
     <span class='ocr_line' id='line_1_24' title="bbox 496 2201 1863 2286; baseline -0.002 -20"><span class='ocrx_word' id='word_1_156' title='bbox 496 2209 583 2266; x_wconf 80' lang='lat' dir='ltr'><strong>tio</strong></span> <span class='ocrx_word' id='word_1_157' title='bbox 614 2222 791 2286; x_wconf 83' lang='lat' dir='ltr'><strong>quum</strong></span> <span class='ocrx_word' id='word_1_158' title='bbox 826 2205 1093 2274; x_wconf 81' lang='lat' dir='ltr'><strong>incitata,</strong></span> <span class='ocrx_word' id='word_1_159' title='bbox 1128 2201 1191 2261; x_wconf 88' lang='lat'>&amp;</span> <span class='ocrx_word' id='word_1_160' title='bbox 1226 2203 1493 2273; x_wconf 82' lang='lat' dir='ltr'><strong>vibrans,</strong></span> <span class='ocrx_word' id='word_1_161' title='bbox 1530 2217 1659 2261; x_wconf 87' lang='lat' dir='ltr'><strong>tum</strong></span> <span class='ocrx_word' id='word_1_162' title='bbox 1695 2207 1863 2263; x_wconf 84' lang='lat' dir='ltr'><strong>etiam</strong></span> 
     </span>
     <span class='ocr_line' id='line_1_25' title="bbox 499 2279 1862 2364; baseline -0.003 -17"><span class='ocrx_word' id='word_1_163' title='bbox 499 2296 763 2348; x_wconf 76' lang='lat' dir='ltr'><strong>‘accurata</strong></span> <span class='ocrx_word' id='word_1_164' title='bbox 816 2285 880 2344; x_wconf 70' lang='grc' dir='ltr'><strong>ὅ(</strong></span> <span class='ocrx_word' id='word_1_165' title='bbox 927 2283 1128 2364; x_wconf 84' lang='lat' dir='ltr'><strong>polita.</strong></span> <span class='ocrx_word' id='word_1_166' title='bbox 1184 2279 1328 2340; x_wconf 85' lang='lat' dir='ltr'><strong>Non</strong></span> <span class='ocrx_word' id='word_1_167' title='bbox 1372 2280 1696 2361; x_wconf 79' lang='lat' dir='ltr'><strong>probantur</strong></span> <span class='ocrx_word' id='word_1_168' title='bbox 1745 2284 1862 2343; x_wconf 77' lang='lat' dir='ltr'><strong>haee</strong></span> 
     </span>
     <span class='ocr_line' id='line_1_26' title="bbox 497 2356 1863 2446; baseline -0.004 -18"><span class='ocrx_word' id='word_1_169' title='bbox 497 2368 743 2429; x_wconf 81' lang='lat' dir='ltr'><strong>senibus.</strong></span> <span class='ocrx_word' id='word_1_170' title='bbox 791 2363 958 2446; x_wconf 81' lang='lat' dir='ltr'><strong>Saepe</strong></span> <span class='ocrx_word' id='word_1_171' title='bbox 992 2359 1269 2438; x_wconf 73' lang='lat' dir='ltr'><strong>videbam</strong></span> <span class='ocrx_word' id='word_1_172' title='bbox 1290 2356 1466 2442; x_wconf 73' lang='lat' dir='ltr'><strong>quum</strong></span> <span class='ocrx_word' id='word_1_173' title='bbox 1486 2362 1819 2424; x_wconf 83' lang='lat' dir='ltr'><strong>irridentem</strong></span> <span class='ocrx_word' id='word_1_174' title='bbox 1843 2409 1863 2437; x_wconf 93' lang='lat'>‚</span> 
     </span>
     <span class='ocr_line' id='line_1_27' title="bbox 498 2439 1865 2510; baseline -0.004 0"><span class='ocrx_word' id='word_1_175' title='bbox 498 2463 625 2510; x_wconf 77' lang='lat' dir='ltr'><strong>tum</strong></span> <span class='ocrx_word' id='word_1_176' title='bbox 661 2447 832 2507; x_wconf 80' lang='lat' dir='ltr'><strong>etiam</strong></span> <span class='ocrx_word' id='word_1_177' title='bbox 891 2442 1228 2504; x_wconf 84' lang='lat' dir='ltr'><strong>irascentem</strong></span> <span class='ocrx_word' id='word_1_178' title='bbox 1286 2440 1351 2501; x_wconf 78' lang='grc' dir='ltr'><strong>δι.</strong></span> <span class='ocrx_word' id='word_1_179' title='bbox 1408 2439 1865 2504; x_wconf 85' lang='lat' dir='ltr'><strong>stomachantem</strong></span> 
     </span>
     <span class='ocr_line' id='line_1_28' title="bbox 497 2521 1865 2609; baseline -0.004 -18"><span class='ocrx_word' id='word_1_180' title='bbox 497 2528 867 2609; x_wconf 78' lang='lat' dir='ltr'><strong>Philippum3</strong></span> <span class='ocrx_word' id='word_1_181' title='bbox 905 2523 1005 2585; x_wconf 88' lang='lat' dir='ltr'><strong>sed</strong></span> <span class='ocrx_word' id='word_1_182' title='bbox 1040 2524 1392 2583; x_wconf 75' lang='lat' dir='ltr'><strong>mirabantur</strong></span> <span class='ocrx_word' id='word_1_183' title='bbox 1417 2521 1818 2586; x_wconf 85' lang='lat' dir='ltr'><strong>adolescentes</strong></span> <span class='ocrx_word' id='word_1_184' title='bbox 1843 2568 1865 2599; x_wconf 85' lang='lat'><strong>,</strong></span> 
     </span>
     <span class='ocr_line' id='line_1_29' title="bbox 498 2604 1206 2673; baseline -0.014 -1"><span class='ocrx_word' id='word_1_185' title='bbox 498 2609 810 2673; x_wconf 86' lang='lat' dir='ltr'><strong>multitudo</strong></span> <span class='ocrx_word' id='word_1_186' title='bbox 836 2604 1206 2665; x_wconf 82' lang='lat' dir='ltr'><strong>movebatur.</strong></span> 
     </span>
    </p>

    <p class='ocr_par' dir='ltr' id='par_1_3' title="bbox 484 2680 1863 2937">
     <span class='ocr_line' id='line_1_30' title="bbox 502 2680 1863 2772; baseline -0.004 -22"><span class='ocrx_word' id='word_1_187' title='bbox 502 2720 517 2729; x_wconf 84' lang='grc'><em>·</em></span> <span class='ocrx_word' id='word_1_188' title='bbox 585 2706 719 2772; x_wconf 83' lang='lat'><strong>327.</strong></span> <span class='ocrx_word' id='word_1_189' title='bbox 763 2687 899 2747; x_wconf 87' lang='lat' dir='ltr'><strong>Erat</strong></span> <span class='ocrx_word' id='word_1_190' title='bbox 923 2684 1213 2747; x_wconf 79' lang='lat' dir='ltr'><strong>excellens</strong></span> <span class='ocrx_word' id='word_1_191' title='bbox 1241 2680 1457 2759; x_wconf 77' lang='lat' dir='ltr'><strong>judicio</strong></span> <span class='ocrx_word' id='word_1_192' title='bbox 1478 2684 1681 2766; x_wconf 84' lang='lat' dir='ltr'><strong>vulgi,</strong></span> <span class='ocrx_word' id='word_1_193' title='bbox 1706 2684 1863 2745; x_wconf 87' lang='lat' dir='ltr'><strong>&amp;fa-</strong></span> 
     </span>
     <span class='ocr_line' id='line_1_31' title="bbox 484 2762 1861 2853; baseline -0.008 -18"><span class='ocrx_word' id='word_1_194' title='bbox 484 2776 605 2853; x_wconf 69' lang='lat' dir='ltr'><strong>cile</strong></span> <span class='ocrx_word' id='word_1_195' title='bbox 631 2771 841 2852; x_wconf 86' lang='lat' dir='ltr'><strong>primas</strong></span> <span class='ocrx_word' id='word_1_196' title='bbox 879 2766 1120 2827; x_wconf 85' lang='lat' dir='ltr'><strong>tenebat</strong></span> <span class='ocrx_word' id='word_1_197' title='bbox 1151 2762 1506 2825; x_wconf 87' lang='lat' dir='ltr'><strong>adolescens.</strong></span> <span class='ocrx_word' id='word_1_198' title='bbox 1552 2763 1678 2824; x_wconf 85' lang='lat' dir='ltr'><strong>Etsi</strong></span> <span class='ocrx_word' id='word_1_199' title='bbox 1714 2767 1861 2826; x_wconf 84' lang='lat' dir='ltr'><strong>enim</strong></span> 
     </span>
     <span class='ocr_line' id='line_1_32' title="bbox 496 2844 1863 2937; baseline -0.007 -22"><span class='ocrx_word' id='word_1_200' title='bbox 496 2872 678 2937; x_wconf 82' lang='lat' dir='ltr'><strong>genus</strong></span> <span class='ocrx_word' id='word_1_201' title='bbox 703 2849 844 2912; x_wconf 85' lang='lat' dir='ltr'><strong>illud</strong></span> <span class='ocrx_word' id='word_1_202' title='bbox 871 2846 1101 2911; x_wconf 79' lang='lat' dir='ltr'><strong>dicendi</strong></span> <span class='ocrx_word' id='word_1_203' title='bbox 1119 2845 1466 2910; x_wconf 56' lang='lat' dir='ltr'><strong>auctoritatis</strong></span> <span class='ocrx_word' id='word_1_204' title='bbox 1497 2844 1755 2907; x_wconf 80' lang='lat' dir='ltr'><strong>habebat</strong></span> <span class='ocrx_word' id='word_1_205' title='bbox 1773 2866 1863 2927; x_wconf 86' lang='lat' dir='ltr'><strong>pa·</strong></span> 
     </span>
    </p>
   </div>
  </div>
 </body>
</html>
