2017 3634
478 285 637 376 464
752 234 1559 350 DssCzAkrs

474 397 577 459 sed
613 413 807 455 tamen
841 411 904 454 te
934 395 1182 454 arbitror
1208 396 1383 457 malle
1410 395 1599 478 ipsum
1623 413 1836 471 tacere,

482 477 655 559 quam
683 479 1133 535 taciturnitatem
1162 475 1412 537 nostram
1451 481 1722 559 experiri.

568 574 705 635 232.
746 555 903 614 Tum
948 576 1064 637 ego
1090 601 1109 630 ,
1150 554 1349 631 Vere,
1392 560 1674 639 inquam,
1715 559 1837 634 tibi,

482 635 691 717 Brute,
728 636 950 695 dicam:
995 658 1117 712 non
1153 658 1248 697 me
1286 637 1610 700 existimavi
1647 641 1706 698 in
1744 639 1841 699 hoc

478 716 746 778 sermone
774 716 950 798 usque
987 718 1062 776 ad
1094 718 1242 776 hanc
1274 736 1506 779 aetatem
1547 718 1664 780 effe
1701 741 1841 780 ven·

478 814 714 871 turum3
750 798 853 858 sed
880 799 977 857 ita'
991 800 1163 856 traxit
1197 800 1347 859 ordo
1376 815 1605 860 aetatum
1632 803 1843 860 oratio-

482 899 623 939 nem
645 925 664 953 ‚
706 896 768 937 ut
798 876 916 956 jam
958 879 1033 936 ad
1057 881 1311 940 minores
1350 883 1524 941 etiam
1558 901 1845 961 pervene-

484 963 616 1019 rim.
667 958 1214 1041 Interponesigitur‚
1239 962 1466 1041 inquit,
1503 964 1550 1020 si
1587 983 1739 1043 quos
1760 964 1845 1020 vie

484 1040 660 1100 detur
699 1060 713 1097 t
774 1039 987 1098 deinde
1037 1040 1341 1099 redeamus
1385 1041 1460 1100 ad
1504 1059 1565 1100 te
1593 1088 1611 1114 ‚
1672 1043 1736 1102 ὅ(
1779 1041 1844 1100 ad

485 1119 888 1180 Hortensium.
963 1117 1153 1179 Immo
1203 1121 1388 1193 verb,
1439 1123 1677 1207 inquam
1708 1168 1727 1196 ,
1781 1121 1848 1181 ad

486 1200 874 1260 Hortensium
899 1220 914 1257 ι
954 1198 1028 1258 de
1051 1220 1148 1261 me
1169 1201 1261 1259 alii
1285 1201 1475 1260 dicent
1494 1242 1512 1274 ‚
1551 1205 1596 1261 si
1620 1205 1717 1282 qui
1745 1225 1851 1262 vo·

487 1281 634 1341 lent.
677 1280 925 1340 Minime
958 1282 1104 1351 verb
1125 1327 1143 1355 ,
1177 1283 1361 1363 inquit
1399 1303 1414 1341 ι
1447 1303 1590 1341 -nam
1623 1286 1731 1342 etsi
1759 1302 1849 1343 me

489 1360 655 1420 factle
681 1363 845 1420 omni
869 1379 971 1421 tuo
994 1360 1261 1421 sermone
1290 1361 1513 1421 tenuisti
1535 1408 1553 1435 ‚
1580 1380 1779 1423 tamen
1811 1366 1852 1423 is

490 1443 635 1504 mihi
652 1441 885 1524 longior
903 1441 1132 1501 videtur
1149 1486 1168 1515 ‚
1241 1443 1360 1502 uod
1384 1463 1645 1523 propero
1666 1444 1853 1503 audire

493 1522 570 1583 de
597 1540 660 1583 te
685 1544 699 1581 τ
745 1542 854 1583 nec
875 1523 1020 1581 verb
1052 1529 1173 1581 tam
1199 1464 1272 1582 de
1294 1523 1597 1582 virtutibus
1630 1523 1855 1585 dicendi

491 1605 637 1677 ταῖς,
681 1624 807 1684 quae
882 1623 1019 1661 uum
1051 1602 1351 1675 omnibus,
1386 1619 1508 1663 tum
1537 1606 1696 1664 certe
1720 1606 1856 1664 mihi

493 1685 809 1742 notissimae
861 1700 963 1741 unt
988 1729 1006 1756 ‚
1045 1682 1217 1765 qnam
1249 1684 1406 1764 quod
1448 1685 1657 1766 gradus
1687 1702 1817 1743 tuos
1839 1728 1860 1758 ,

478 1763 563 1823 ’δι
588 1762 1073 1845 quasi-processus
1111 1764 1341 1840 dicendi
1374 1762 1578 1823 studeo
1616 1786 1860 1848 cognos-

496 1865 649 1905 cere.
713 1842 999 1919 Geretur,
1040 1847 1274 1926 inquam
1298 1890 1317 1918 ‚
1355 1845 1462 1905 tibi
1493 1865 1623 1904 mos
1653 1864 1672 1916 3
1712 1865 1860 1925 quo-,-

492 1926 649 1984 niam
690 1945 789 1984 me
838 1944 961 1983 non
1010 1927 1227 2005 ingenii
1264 1925 1702 2006 praedicatorem
1751 1922 1859 1984 effe

493 2006 621 2076 viS,
654 2001 756 2062 sed
780 2003 992 2062 laboris
1015 2006 1151 2064 mei.
1197 2004 1423 2081 Veriam
1455 2008 1860 2086 interponam,

478 2094 562 2143 ‘ut
592 2082 782 2164 placet
804 2128 824 2157 ‚
857 2084 1038 2156 alios,
1078 2084 1138 2144 ὃ(
1174 2106 1208 2144 a
1243 2086 1331 2144 M.
1355 2083 1556 2148 Craffo
1579 2131 1600 2161 ‚
1639 2089 1736 2168 qui
1762 2085 1862 2149 fuit

497 2164 728 2247 aequalis
767 2162 1068 2224 Hortensii
1092 2211 1110 2239 ,
1151 2165 1433 2226 exordiar.

488 2280 499 2293 r
583 2244 806 2306 LXVI.
847 2244 901 2305 Is
933 2249 1103 2333 igitur
1130 2246 1501 2307 mediocriter
1539 2268 1573 2305 a
1608 2245 1861 2306 dofflrina

498 2323 794 2386 instruflus
827 2371 845 2400 ,
896 2325 1184 2408 angustihs
1221 2328 1393 2386 etiam
1432 2348 1467 2386 a
1496 2342 1734 2400 natura,
1777 2328 1862 2386 la-

498 2406 647 2466 bore
693 2407 756 2465 &
794 2406 1064 2465 industria
1089 2452 1109 2480 ,
1156 2407 1216 2465 &
1255 2407 1413 2488 quod
1446 2407 1761 2483 adhibebat
1799 2406 1865 2466 ad

501 2486 847 2547 obtinendas
876 2485 1063 2545 causas
1085 2507 1278 2546 curam
1302 2489 1478 2547 etiam
1506 2488 1569 2547 &
1593 2490 1831 2568 gratiam
1848 2531 1865 2559 ,

501 2570 562 2628 in
597 2567 944 2648 principibus
985 2569 1244 2647 patronis
1273 2567 1494 2649 aliquot
1523 2589 1709 2628 annos
1747 2567 1873 2644 fuitt

500 2646 571 2708 In
625 2645 788 2726 hujus
842 2648 1109 2708 oratione
1160 2647 1348 2708 sermo
1405 2648 1642 2727 Latinus
1705 2665 1826 2709 erat
1848 2691 1865 2719 ,

501 2729 686 2788 verba
730 2748 847 2786 non
891 2725 1115 2805 abjeRa
1149 2734 1172 2802 '‚‘
1227 2748 1320 2789 res
1359 2730 1705 2808 compotitae
1747 2727 1867 2787 dili-

505 2824 708 2892 genter
726 2829 749 2884 ;
799 2807 985 2870 nullus
1020 2810 1133 2871 flos
1170 2825 1409 2885 tamen,
1446 2829 1639 2893 neque
1676 2810 1869 2871 lumen
