2017 3634
508 264 617 345 72·
815 242 974 314 Da:
1046 237 1598 311 Ouarou-

513 367 591 427 d'e
620 363 848 425 duobus
866 363 1080 423 civium
1101 354 1417 439 capitibus,
1436 358 1514 419 ’δι
1549 356 1625 418 de
1663 348 1668 357 ⁴
1701 367 1914 434 uei-03

496 449 613 529 =qui
649 466 722 507 ex
759 441 1081 526 posteriore
1118 454 1281 499 natus
1317 456 1441 500 erat
1460 484 1479 514 ‚
1531 439 1597 498 ὃ(
1685 452 1723 498 e
1769 437 1909 519 ejus

515 544 740 600 matre3
774 546 904 607 quae
926 568 948 599 ‚
983 526 1032 583 si
1064 519 1416 602 judicaretur
1450 522 1616 579 certis
1652 519 1908 599 quibus-

518 610 657 669 dam
675 608 871 668 verbis
891 651 911 680 ,
941 625 1067 664 non
1095 604 1265 662 novis
1307 603 1558 681 nuptiis,
1591 598 1725 660 fieri
1764 620 1908 663 cum

515 688 811 770 fuperiore
845 686 1162 749 divortium
1180 725 1204 758 ,
1235 684 1295 742 in
1331 681 1670 743 concubinae
1690 681 1908 742 locum

514 771 845 832 duceretur.
1726 768 1732 772 ’

527 878 537 887 ·
609 850 742 925 184.
784 849 932 910 Haec
959 847 1129 929 igitur
1149 889 1168 918 ,
1209 845 1275 904 δι
1297 843 1508 913 horum
1537 842 1749 902 similia
1776 839 1916 923 jura·

517 932 632 994 fuae
663 932 910 992 civitatis
934 932 1305 1010 ignorantem
1325 970 1344 1000 ‚
1383 923 1640 985 ereetum
1671 923 1745 983 δε
1777 924 1909 984 cel-

517 1014 683 1084 sum,
732 1011 902 1071 alacri
935 1010 1000 1070 &
1035 1023 1315 1089 prompto
1356 1026 1461 1066 ore
1482 1049 1501 1079 ‚
1559 1024 1628 1064 ac
1677 1005 1860 1067 vultu
1884 1048 1906 1081 ,

514 1095 630 1157 huc
662 1109 835 1175 atque
875 1089 1008 1150 illuc
1039 1092 1364 1149 intuentem
1379 1131 1404 1158 ,
1440 1107 1518 1149 va
1557 1087 1640 1145 ari
1679 1105 1909 1168 magna

515 1196 653 1236 cum
688 1189 922 1233 caterva
950 1186 1085 1231 toto
1118 1167 1254 1229 foro
1274 1211 1296 1240 ‚
1340 1106 1671 1249 praesiffium
1710 1167 1910 1227 clien-

514 1257 667 1316 tibus
692 1299 711 1329 ‚
748 1252 934 1334 atque⁴
949 1270 1131 1332 opem
1156 1250 1387 1322 amicis»,
1416 1249 1480 1308 &
1505 1247 1694 1328 prope
1722 1269 1911 1309 cunc·
1965 1274 1970 1277 ·

502 1340 589 1398 tis
639 1335 860 1397 civibus
905 1334 1101 1393 lucem
1137 1332 1391 1413 ingenii,
1445 1328 1511 1389 &
1547 1328 1782 1388 consilii
1823 1327 1909 1391 sui

514 1419 915 1500 porrigentem
932 1456 972 1489 ‚-
992 1430 1165 1494 atque
1189 1409 1534 1472 tendentem
1555 1452 1576 1481 ‚
1600 1422 1816 1471 nonne
1846 1412 1906 1469 in

516 1501 717 1582 primis
736 1498 812 1558 fla
855 1495 1080 1556 'tiosum
1102 1490 1425 1574 putandum
1447 1487 1567 1550 est?

532 1610 541 1616 ·
600 1578 760 1640 XLI.
849 1594 873 1637 t
897 1578 1177 1658 quoniam
1218 1572 1292 1633 de
1331 1570 1695 1652 impudentia
1734 1570 1861 1631 dixi
1880 1613 1902 1645 ‚

519 1659 860 1740 castigemus
881 1660 1058 1718 etiam
1088 1652 1389 1737 segnitiem
1422 1653 1733 1712 hominum
1753 1697 1776 1726 ,
1814 1668 1902 1712 at·-

519 1760 634 1821 que
654 1740 942 1800 inertiam.
994 1735 1153 1796 Nam
1175 1737 1224 1794 si
1241 1733 1380 1796 effet
1400 1731 1504 1793 ista
1525 1734 1794 1815 cognitio
1815 1730 1907 1814 ju-

519 1823 597 1882 ris
651 1839 864 1901 magna
906 1839 974 1878 ac
1027 1813 1274 1876 difficilis
1303 1858 1324 1886 ‚
1388 1830 1588 1875 tamen
1639 1813 1903 1875 utilitatis

518 1901 860 1982 magnitudo
903 1898 1162 1963 deberete
1176 1896 1443 1956 homines
1479 1895 1555 1955 ad
1581 1891 1905 1975 suscipien-⁴

432 2032 436 2035 Α
522 1982 664 2042 dum
690 1980 951 2041 discendi
979 1980 1245 2040 laborem
1280 1975 1606 2058 impellere.
1665 1973 1831 2050 Sed,
1864 1974 1903 2037 ὃ

521 2064 602 2123 dii
620 2061 977 2135 immortales
999 2104 1021 2136 ,
1056 2080 1178 2119 non
1207 2059 1461 2118 dicerem
1481 2057 1599 2116 hoc
1620 2055 1908 2116 audiente
2001 2086 2007 2093 ·

519 2142 789 2205 Scaevolss
814 2188 834 2216 ‚
872 2142 983 2203 nisi
1018 2138 1138 2222 ipse
1175 2137 1369 2198 dicere
1397 2136 1652 2208 soleret,
1686 2136 1904 2197 nullius

517 2226 653 2285 artis
675 2223 999 2285 faciliorem
1024 2220 1130 2281 sibi
1158 2221 1560 2302 cognitionem
1581 2215 1802 2278 videri.
1873 2276 1882 2285 ,

502 2372 507 2377 ,
609 2305 743 2367 186.
769 2302 959 2384 Quod
979 2302 1215 2383 quidem
1237 2302 1406 2360 certis
1428 2299 1503 2358 de
1524 2299 1708 2356 causis
1729 2319 1769 2357 a
1785 2297 1905 2379 ple·-

516 2384 701 2467 risque
734 2385 900 2446 aliter
929 2380 1314 2446 existimatur:
1349 2379 1771 2463 primum-quia
1793 2398 1905 2438 ve-

516 2478 670 2526 'teres
705 2465 789 2524 illi
820 2509 843 2536 ,
897 2465 997 2545 qui
1046 2464 1179 2522 huic
1210 2458 1457 2521 scientiae
1495 2457 1903 2541 praefuerunt,

519 2544 855 2607 obtinendae
902 2559 1076 2625 atque
1125 2541 1410 2625 augendae
1448 2542 1729 2622 potentiae
1787 2539 1903 2599 suae

519 2625 686 2702 causei
705 2671 725 2701 ‚
759 2624 1093 2708 pervulgari
1122 2640 1309 2685 artem
1343 2621 1503 2682 suam
1532 2619 1857 2680 noluerunt
1881 2639 1902 2679 t

518 2707 732 2771 deinde
753 2752 773 2782 ‚
885 2705 1180 2788 steaquam
1204 2703 1290 2765 est
1309 2704 1532 2764 editum
1553 2747 1574 2776 ‚
1610 2701 1902 2782 expositis

506 2811 552 2850 a
601 2788 720 2852 Cn.
813 2789 972 2855 lavio
1025 2788 1278 2870 primum
1318 2782 1703 2924 afflonihusffir
1743 2780 1904 2845 ,nulli

1682 2877 1855 2926 erunt
1866 2903 1895 2937 ,
