2017 3634
672 192 1360 288 ΕΙΒΕΒῙ.μ
1595 225 1683 313 ᾖς

374 330 457 394 11.
494 331 588 392 Ac
622 333 770 392 mihi
790 331 1115 414 repetenda
1143 328 1225 392 e'st
1244 332 1460 394 veteris
1481 328 1684 412 cujus-

303 412 436 473 dam
464 416 775 475 memoriae
811 435 935 473 non
964 412 1098 473 sane
1126 411 1254 472 satis
1283 413 1569 494 explicata
1587 434 1684 475 re·-

303 495 563 554 cordatio
588 508 621 569 ,“
650 492 752 554 sed
775 538 795 568 ‚
843 511 907 553 ut
948 494 1200 553 arbitror
1223 538 1241 567 ,
1290 513 1426 576 apta
1467 495 1542 553 ad
1579 494 1639 553 id
1656 510 1691 567 ,·

301 576 456 656 quod
502 577 754 657 requiris
787 620 807 649 ,
859 592 925 634 ut
971 573 1289 657 cognoscas
1321 620 1340 648 ‚
1402 596 1529 657 quae
1568 576 1681 639 viri

300 659 561 716 omnium
580 657 1084 738 eloquentissimi,
1127 656 1534 739 clarissimique
1553 653 1693 717 sen-'

300 736 468 798 serint
494 737 571 797 de
608 740 777 797 omni
816 739 1045 797 ratione
1076 736 1325 797 dicendi.

386 837 436 899 5.
464 818 577 877 Vis
605 821 803 890 enim,
842 835 905 878 ut
932 817 1072 877 mihi
1093 815 1162 877 sae
1270 814 1498 885 dixisti;
1533 830 1691 896 quo-‘

303 900 456 958 niam
488 919 621 979 quae
649 900 846 979 pueris
868 942 887 972 ‚
923 915 1022 958 aut
1041 898 1155 958 ado
1180 896 1484 959 escentulis
1506 895 1681 958 nobis

304 999 376 1038 ex
387 979 898 1040 'commentariolis
920 977 1125 1038 nostris
1151 979 1426 1039 inchoata
1445 1022 1465 1052 ‚
1501 999 1569 1038 ac
1591 999 1684 1038 ru-

305 1059 398 1117 dia
430 1059 817 1134 exciderunt,
842 1062 957 1120 vix
993 1060 1102 1119 hac
1129 1075 1303 1120 oetate
1344 1059 1401 1118 di
1444 1080 1555 1132 na,
1609 1060 1690 1119 &¹

304 1139 417 1198 hoc
453 1138 554 1199 usu
576 1186 597 1211 ,
634 1160 811 1221 quem
851 1160 925 1199 ex
950 1142 1133 1199 causis
1154 1185 1173 1213 ,
1208 1160 1348 1220 quas
1388 1079 1634 1199 <fiximus
1655 1149 1684 1215 ‚¹

301 1237 395 1280 tot
422 1219 709 1302 tantisque
739 1219 1033 1281 consecuti
1064 1220 1250 1281 sumus
1279 1240 1297 1292 ;
1334 1219 1549 1302 aliquid
1576 1222 1684 1279 iis-

306 1300 444 1361 dem
494 1301 568 1362 de
610 1301 787 1361 rebus
828 1301 1066 1382 politius
1107 1323 1140 1360 a
1175 1301 1346 1361 nobis
1369 1345 1389 1374 ‚
1440 1298 1683 1382 perfec-

302 1380 528 1463 tiusque
573 1381 821 1462 proferri
860 1403 874 1442 :
926 1381 1187 1462 solesque
1236 1380 1688 1462 nonnumquam

304 1462 414 1522 hac
452 1461 529 1522 de
565 1482 627 1523 re
663 1486 696 1523 a
727 1483 827 1522 me
864 1464 922 1522 in
962 1460 1441 1543 disputationibus
1478 1458 1716 1520 nostris-

308 1541 600 1603 dissentire
632 1586 653 1617 ‚
707 1543 870 1625 quod
922 1563 956 1604 e
1000 1564 1042 1603 o
1099 1541 1692 1622 prudentissimorum

232 1663 237 1668 -
306 1623 641 1683 hominumf
664 1624 878 1684 artibus
941 1643 974 1683 e
1002 1626 1341 1705 oquentiam
1395 1623 1683 1684 contineri

303 1701 585 1776 statuam3
611 1720 676 1764 tu
700 1721 898 1764 autem
931 1703 1091 1764 illam
1124 1702 1195 1764 ab
1222 1704 1509 1798 elegantia
1532 1702 1684 1764 doc-⁴

300 1787 469 1845 trinae
508 1782 921 1867 segregandam
959 1800 1129 1866 putes
1155 1829 1175 1858 ,
1225 1786 1290 1845 &
1325 1806 1384 1843 m
1418 1784 1680 1866 quodam

298 1865 524 1948 ingenii
573 1882 750 1949 atque
800 1867 1229 1927 exercitationis
1282 1884 1499 1951 genere
1558 1887 1681 1949 po·-

300 1945 586 2019 nendam.

310 2072 321 2079 -
354 2016 369 2028 ⁶
390 2027 448 2088 6.
480 2026 577 2087 Ac
603 2026 746 2087 mihi
769 2026 1009 2108 quidem
1038 2025 1436 2108 saepenumero
1457 2027 1516 2086 in
1536 2023 1686 2087 sum-

300 2128 437 2170 mos
466 2108 739 2168 homines
759 2152 779 2182 ,
819 2130 887 2167 ac
920 2106 1153 2167 summis
1192 2109 1250 2166 in
1291 2108 1433 2167 eniis
1467 2107 1685 2186 praedi·-

299 2205 403 2250 tos
431 2190 716 2262 intuenti,
766 2188 1139 2269 quaerendum
1175 2127 1290 2248 ess{
1329 2184 1516 2246 visum
1556 2185 1683 2263 est,

302 2269 448 2351 quid
485 2267 661 2343 ess'et,
704 2290 805 2328 cur
867 2269 1019 2331 lures
1044 2265 1404 2329 inomnibus
1430 2267 1684 2343 artibus,

302 2349 485 2432 quam
523 2352 585 2410 in
629 2349 801 2410 dicen
846 2371 884 2408 o
918 2347 1292 2410 admirabiles
1330 2344 1681 2411 exstitissent.

302 2428 507 2505 Nam,
544 2449 922 2512 quocumque
957 2446 1022 2491 te
1064 2431 1299 2502 animo,
1344 2426 1410 2489 &
1452 2431 1685 2511 cogita-

300 2512 472 2571 tione
515 2513 882 2573 converteris
907 2555 928 2585 ,
970 2509 1292 2591 permultos
1330 2508 1683 2570 excellentes

299 2591 360 2651 in
403 2611 644 2675 quoque
684 2610 905 2674 genere
941 2590 1169 2651 videbis
1196 2633 1217 2664 ‚
1276 2609 1398 2649 non
1442 2589 1696 2650 medio-2

298 2673 484 2734 crium
516 2674 768 2747 artium,
800 2668 901 2733 sed
930 2672 1118 2753 prope
1138 2669 1541 2730 maximarum.

306 2792 319 2816 ι
372 2770 435 2835 7.
469 2752 626 2839 Quis
650 2753 813 2819 enim
836 2749 981 2832 est,⁴
1000 2754 1101 2836 qui
1122 2795 1143 2828 ,
1174 2752 1221 2811 si
1213 2748 1548 2894 Aelfffomm
1570 2749 1684 2828 119¹}

816 2864 820 2869 ’
922 2862 925 2863 ’
1294 2850 1353 2911 ιι]
1392 2883 1400 2889 .
