2017 3634
442 281 455 291 ·
546 265 605 334 L
630 282 698 333 ·1
752 280 811 335 Β
862 284 914 334 ε
962 281 1018 332 ιι
1094 265 1155 337 Ι.
1441 280 1544 358 17

156 379 324 442 initio
350 371 537 463 g'enus
574 379 886 441 hominum
911 382 972 439 in
994 380 1300 442 montibus
1329 401 1400 441 ac
1433 381 1542 442 sil-

159 463 250 524 vis
288 461 423 521 dissi
469 477 633 521 atum
659 506 679 535 ‚
716 482 841 522 non
877 461 1252 542 prudentium
1289 459 1543 524 consiliis

160 543 402 624 compul
428 563 529 602 um
555 543 790 623 potins,
826 542 1002 624 quam
1040 544 1378 605 disertorum
1415 565 1550 604 ora-

157 626 326 684 tione
354 624 701 695 delinitum,
742 622 800 684 se
841 623 1108 704 oppidis,
1146 623 1546 707 moenibusque

156 701 439 785 sepsiss‘e?
470 721 573 763 aut
595 703 745 763 verb
767 703 1017 785 reliquas
1036 705 1309 766 utilitates
1323 751 1343 781 ‚
1367 723 1461 766 aut
1487 706 1548 766 in

163 783 535 849 instituendis
552 830 573 857 ‚
615 801 712 843 aut
741 783 1150 845 conservandis
1178 787 1504 846 civitatibus
1528 829 1550 859 ‚

165 888 293 926 non
335 887 375 924 a
415 864 772 948 sapientibus
815 865 881 925 &
920 864 1166 925 fortibus
1202 868 1341 926 viris
1372 912 1392 941 ‚
1449 866 1551 926 sed

172 969 211 1005 a
239 943 503 1021 disertis,
535 944 604 1007 δι
630 946 835 1007 ornate
858 946 1180 1008 dicentibus
1206 945 1319 1008 ess'e
1346 945 1558 1008 consti·

169 1042 350 1087 tutas.
738 1068 745 1071 -

264 1125 363 1187 37.
400 1105 508 1166 An
528 1106 679 1167 verb
701 1105 806 1166 tibi
823 1105 1107 1168 Romulus
1127 1108 1223 1170 ille
1248 1125 1344 1169 aut
1361 1106 1555 1192 pasto·

172 1207 273 1249 tes
307 1189 377 1248 &
418 1206 717 1248 convenas
745 1187 1116 1329 congreffaffe
1138 1235 1157 1265 ,
1179 1206 1278 1250 aut
1299 1189 1557 1251 Sabino-

172 1290 314 1329 mm
348 1267 646 1329 connubia
685 1266 960 1329 con'unxi
1006 1290 1041 1330 e
1066 1316 1083 1344 ,
1135 1289 1234 1331 aut
1275 1269 1561 1330 finitimo-

174 1371 319 1410 ‹mm
365 1353 494 1409 vim
534 1291 863 1431 repressid'e
906 1350 1242 1432 eloquentia
1287 1351 1562 1425 videtui-³,

181 1452 313 1491 non
334 1431 580 1490 consilio
597 1476 616 1504 ,
653 1431 716 1490 &
744 1430 1021 1511 sapientia
1046 1432 1356 1513 singulari?
1397 1431 1567 1570 quid

182 1511 395 1573 enim?
434 1512 497 1570 in
520 1509 717 1571 Numa
745 1510 1042 1591 Pompilio
1063 1556 1082 1583 ‚
1170 1509 1308 1568 uid?
1344 1512 1408 1568 in
1488 1529 1572 1575 er,

192 1590 402 1653 Tullio
423 1636 441 1665 ‚
477 1591 655 1672 quid?
690 1593 751 1651 ¹in
780 1593 989 1652 ceteris
1024 1532 1251 1672 regatis
1273 1636 1290 1664 ,
1320 1610 1571 1672 quorum

194 1672 400 1740 multa
422 1670 548 1733 sunt
584 1672 797 1732 eximia
819 1672 893 1732 ad
924 1670 1383 1734 constituendam
1408 1693 1571 1733 rem-

190 1754 490 1838 publicam
508 1800 528 1829 ,
555 1772 692 1813 num
837 1753 876 1813 d
895 1753 1243 1836 eloquentiae
1265 1751 1572 1836 vestigium

186 1857 273 1916 ap
354 1833 496 1895 ret?
549 1832 715 1913 Quid
738 1878 754 1892 .
800 1833 1009 1894 exaffis
1043 1836 1274 1916 regibus
1312 1831 1573 1914 (tametsi

188 1857 375 2063 ‘Tg-511
397 1913 762 1976 exafflonem
782 1930 979 1975 mente
999 1960 1019 1989 ‚
1048 1937 1169 1975 non
1190 1915 1382 1997 lingua
1398 1960 1416 1988 ‚
1436 1935 1578 1996 perg-

222 1997 416 2059 estam
434 1995 506 2056 L.
526 1994 689 2056 Bruti
707 1993 819 2055 ess'e
838 1994 1154 2078 cernimus)
1176 1995 1276 2056 sed
1295 1995 1576 2075 de³nceps

192 2080 399 2139 omnia
417 2122 441 2149 ‚
479 2095 681 2136 nonne
718 2074 893 2157 plena
918 2077 1292 2143 consiliorum
1320 2118 1340 2150 ,
1373 2077 1574 2137 inania

194 2160 523 2223 verborum
540 2155 810 2217 videmus
833 2154 854 2216 ἓ
1131 2194 1138 2203 ·
1547 2158 1556 2167 “

196 2280 211 2288 -
288 2238 385 2318 38.
424 2236 726 2319 Ego'vero
746 2239 793 2297 si
808 2236 992 2298 veiim
1033 2235 1099 2297 &
1130 2232 1337 2297 nostrae
1367 2236 1579 2296 civita*

199 2322 272 2381 tis
295 2318 583 2399 exemplis
598 2320 681 2377 uti
696 2362 716 2391 ,
748 2318 814 2378 &
832 2319 1070 2378 aliatum
1087 2361 1106 2390 ,
1130 2317 1294 2398 plura
1313 2314 1578 2398 proferre

198 2403 427 2482 possim
463 2399 818 2459 detrimenta
852 2397 1097 2479 publicis
1136 2398 1309 2458 rebus
1333 2442 1352 2472 ‚
1404 2395 1581 2479 quam

204 2479 547 2558 adjumenta
586 2499 694 2561 per
747 2478 1017 2539 homines
1074 2478 1581 2561 eloquentissimos

206 2562 555 2642 importata:
599 2557 703 2621 sed
719 2604 739 2633 ‚
764 2576 827 2619 ut
852 2560 1071 2642 reliqua
1110 2562 1583 2642 praetermittam‘,

206 2644 468 2703 omnium
506 2640 652 2701 mihi
687 2639 898 2700 videor
919 2686 939 2715 ,
984 2643 1245 2720 exeeptis
1276 2682 1297 2713 ‚
1343 2635 1582 2713 craffeg

203 2723 375 2783 vobis
397 2722 634 2784 duobus
650 2765 668 2795 ,
690 2720 1199 2803 eloquentissimos
1219 2716 1429 2778 audiss'e
1443 2714 1581 2781 Tib.

204 2802 275 2869 ἅ
307 2802 381 2870 C.
404 2804 805 2890 Sempronius
822 2847 843 2878 ,
880 2820 1129 2886 quorum
1154 2817 1321 2887 pater
1339 2845 1370 2877 ,
1396 2799 1579 2865 homo
