2017 3634
307 2788 332 2816 9

411 279 572 369 ‘392
697 267 780 336 D
819 286 878 336 ε
944 265 1003 333 C
1044 283 1092 336 L
1146 282 1202 335 A
1256 284 1310 335 n
1359 283 1403 334 t
1452 266 1502 336 ‘s

414 388 669 448 alienum
717 374 978 464 ejasdem
1022 384 1294 459 'nominis
1354 381 1807 446 infunderentur

458 486 642 538 enus;
683 482 787 539 ut,
834 467 879 524 si
919 484 1036 546 ego
1081 484 1178 533 me
1223 486 1257 524 a
1301 462 1637 527 M..Tullio
1683 466 1801 528 effe

416 489 675 609 {icet-em
710 592 729 620 ‚
783 549 882 627 qui
925 547 1194 626 patricius
1238 565 1369 605 cum
1413 544 1624 606 Servio
1667 547 1807 608 Sul·-

411 631 586 769 fficio'
608 625 844 702 consul,
881 647 1041 688 anno
1071 645 1140 688 x.
1169 625 1300 708 post
1336 627 1570 688 exanstos
1590 649 1798 711 rege5‚

478 725 542 770 it.

499 790 602 871 63.
643 787 894 851 Catonis
916 806 1119 851 autem·
1137 791 1430 850 orationes
1459 810 1586 850 non
1608 792 1803 851 minin

405 874 617 953 -multae
666 872 790 934 fere
845 870 972 932 sunt
998 917 1019 945 ‚
1087 871 1261 952 quam
1315 871 1499 932 Attici
1555 871 1805 953 Lysiae3

405 951 585 1034 ‚cujus
618 955 862 1014 arbitror
899 954 1171 1035 plurimas
1200 951 1334 1013 esse.
1379 950 1477 1012 Est
1505 956 1668 1014 enim
1687 954 1808 1013 At*-

413 1038 599 1108 ticuS‚
640 1036 917 1115 quoniam
945 1034 1102 1094 certe
1129 1034 1374 1094 Athenis
1414 1033 1499 1094 est
1533 1035 1600 1094 &
1634 1054 1809 1094 natus

409 1117 487 1177 .&
521 1131 826 1188 mortuus,
864 1115 928 1174 &
953 1113 1180 1174 fimfius
1217 1117 1388 1174 omni.
1407 1115 1629 1175 civium
1668 1136 1813 1174 mu-

418 1216 598 1258 nere:
641 1200 993 1278 quamquam
1017 1189 1273 1255 Timaeus
1304 1215 1439 1256 eum
1460 1241 1479 1269 ‚
1519 1198 1685 1277 quasi
1711 1196 1816 1256 Li-

420 1278 573 1338 cinia
609 1277 671 1336 &
710 1276 907 1336 Mucia
943 1276 1077 1359 lege
1115 1277 1328 1356 repetit
1349 1275 1699 1357 Syracusas3
1740 1279 1815 1338 ὅ(

422 1357 869 1442 quodammodo
900 1356 982 1417 est
1017 1357 1296 1417 nonnulla
1330 1360 1391 1416 in
1421 1360 1487 1417 iis
1516 1360 1693 1418 etiam
1715 1360 1827 1418 i'n-

424 1457 518 1502 ter
538 1439 689 1522 ipsos
712 1438 1047 1499 similitudo·
1084 1437 1264 1498 Acuti
1281 1437 1440 1512 sunt,
1468 1439 1816 1522 elegantes,

409 1521 604 1583 -faceti
625 1566 644 1595 ‚
680 1520 909 1581 breves·
966 1519 1089 1580 Sed
1125 1520 1221 1581 ille
1254 1517 1494 1581 Graecus
1532 1523 1606 1581 ab
1642 1525 1823 1607 omri}

422 1603 599 1664 laude
633 1603 876 1662 felicior.

511 1683 613 1758 64.
669 1682 869 1743 Habet
911 1686 1070 1742 enim
1122 1698 1325 1744 certos.
1358 1681 1443 1742 sui
1474 1680 1768 1744 studiosos
1790 1728 1823 1760 ,

425 1767 529 1847 qui
580 1785 702 1823 non
748 1781 869 1823 tam
914 1763 1139 1824 habitus
1188 1765 1449 1844 corporis
1502 1767 1825 1847 optimos»,

423 1845 607 1927 quam
630 1846 971 1927 gracilitates
988 1845 1390 1907 conseRentur
1415 1866 1435 1918 ;
1475 1866 1626 1928 quos
1646 1892 1666 1920 ,
1697 1869 1823 1927 va·-

427 1926 635 1988 letudo
662 1928 845 1987 modo
866 1928 1025 1986 bona
1060 1929 1132 1986 sit
1151 1973 1169 2000 ,
1204 1929 1447 1988 tenuitas
1472 1927 1591 2008 ipsa
1614 1928 1826 1988 delec-

419 2020 554 2068 tat:
601 2028 951 2090 quamquam
986 2009 1046 2066 in
1078 2007 1256 2089 Lysia
1282 2007 1408 2068 sunt
1442 2006 1594 2090 saepe
1633 2011 1818 2071 etiam

428 2087 676 2163 lacerti,
721 2093 799 2148 sic
829 2106 892 2150 ut
932 2109 1007 2149 eo
1047 2086 1171 2150 fieri
1204 2089 1358 2148 nihil·
1378 2093 1564 2172 possit
1599 2091 1822 2151 valen-

431 2171 584 2231 tius:
618 2172 826 2233 verbm
866 2168 948 2230 est
978 2171 1133 2230 certe
1168 2190 1385 2252 genere
1417 2187 1550 2230 toto
1598 2169 1823 2254 strigo·-

434 2253 555 2313 sior
594 2273 607 2310 ε
662 2251 763 2312 sed
806 2252 985 2312 habet
1024 2267 1220 2311 tamen
1265 2251 1396 2311 suos
1437 2251 1823 2328 laudatores,

434 2335 535 2474 gui
562 2333 670 2393 hac
700 2333 826 2413 ipsa
855 2331 979 2415 ejus
997 2332 1306 2393 subtilitate
1323 2331 1648 2401 admodum
1672 2354 1822 2416 gau-

479 2430 635 2473 eant.

519 2492 719 2555 XVII.
779 2492 1077 2554 Catonem
1119 2495 1267 2555 verb
1312 2496 1437 2576 quis
1481 2493 1820 2557 nostrorum

440 2592 776 2647 oratorum,
824 2576 921 2655 qui
961 2574 1199 2656 quidem
1237 2597 1391 2636 nunc
1425 2575 1553 2635 sunt
1575 2622 1594 2650 ‚
1631 2577 1826 2660 legit?

444 2674 543 2718 aut
574 2659 698 2739 quis
729 2658 910 2716 novi-t.
929 2657 1173 2716 omnino
1198 2655 1218 2715 ?
1254 2656 1343 2715 At·
1369 2677 1543 2738 quem
1578 2657 1824 2720 virum?

445 2738 528 2796 dii
563 2739 701 2798 boni
743 2739 758 2797 1
811 2740 984 2798 mitto
1027 2740 1218 2798 civem
1242 2782 1262 2812 ‚
1305 2754 1403 2798 aut
1438 2735 1771 2799 senatorem
1800 2782 1825 2815 ,

441 2820 1010 2902 *aur-imperatorem:
1041 2836 1340 2887 oratorem
1361 2821 1518 2891 enim
1536 2819 1824 2884 hocloco
