2017 3634
496 278 964 349 LIBER
1047 279 1109 349 I.
1386 296 1497 377 47

114 395 278 462 v'tdet
302 442 323 472 ,
369 393 452 459 C.
485 394 693 458 Coelio
723 439 743 470 ‚
789 395 992 478 aequali
1041 417 1180 458 meo
1203 442 1223 472 ‚
1273 417 1495 483 magno

120 481 326 542 honori
355 477 524 541 fuiffe
547 522 566 552 ‚
598 476 826 537 homini
856 496 1022 538 novo
1046 522 1066 553 ‚
1099 479 1256 539 illam
1274 480 1452 561 ipsam
1469 525 1493 558 ,

116 578 551 644 quamcumque
580 556 689 619 affe
733 560 792 616 ui
814 561 1114 639 potuerit3
1150 562 1209 619 in
1238 559 1496 624 dicendo

116 642 593 705 mediocritatem
625 637 649 698 ἓ
766 641 849 697 uis
875 636 1132 700 vestrum
1166 643 1448 723 aequalem
1473 687 1497 720 ‚

120 722 204 804 Q.
224 722 479 783 Varium
498 765 519 795 ,
547 717 773 783 vastum
799 718 1108 780 hominem
1130 765 1150 796 ,
1184 740 1358 804 atque
1381 723 1496 785 foe-

117 803 281 879 dum,
302 824 431 863 non
446 800 720 883 intelligit
730 799 830 859 illa
844 797 1275 880 ipffifacultate,
1295 824 1498 885 quam-

116 905 372 967 cumque
410 883 592 943 habet
623 925 642 955 ‚
690 901 965 1021 magnam
1002 883 1117 944 esse
1167 884 1227 943 in
1261 886 1500 948 civitate

116 968 366 1049 gratiam
388 961 766 1025 consecutum
856 1012 861 1018 .
1043 960 1052 969 '

203 1044 441 1106 XXVI.
482 1044 603 1105 Sed
630 1045 765 1126 quia
790 1042 866 1104 de
893 1059 1129 1106 oratore
1155 1047 1501 1127 quaerimus3

116 1125 432 1210 fingendus
476 1123 765 1188 estnobis
799 1127 1065 1186 oratione
1104 1122 1333 1203 nostra,
1379 1130 1497 1192 de..

122 1208 313 1270 ttaffis
342 1207 621 1269 omnibus
648 1206 804 1267 vitiis
823 1250 844 1279 ‚
877 1222 1114 1279 orator,
1140 1225 1314 1290 atque
1333 1214 1499 1277 omni

120 1288 294 1351 laude
333 1288 705 1351 cumulum·
737 1284 947 1368 Neque
969 1290 1126 1349 enim
1148 1333 1168 1363 ‚
1214 1290 1264 1349 si
1294 1290 1500 1353 multi-

122 1371 268 1432 tudo
305 1371 499 1431 litium
519 1414 539 1443 ‚
570 1370 619 1428 si
645 1369 895 1428 varietas
924 1367 1219 1430 causarum
1238 1414 1259 1444 ,
1296 1373 1344 1431 si
1374 1372 1501 1434 haee

122 1452 294 1513 turba
307 1496 332 1525 ,
373 1451 440 1512 &
468 1450 732 1511 barbaria
763 1447 1012 1509 forensis
1053 1449 1151 1508 dat
1175 1449 1375 1510 locum
1399 1453 1504 1513 vel

125 1534 517 1595 vitiosissimis
544 1529 872 1591 oratoribus
891 1572 912 1602 ‚
952 1526 1172 1588 idcirco
1203 1549 1314 1589 nos
1343 1530 1461 1592 hoc
1481 1572 1505 1607 ,

124 1612 293 1696 quod
320 1614 626 1694 quaerimus
643 1655 663 1685 ‚
689 1613 1052 1671 omittemus.
1108 1607 1311 1693 Itaque
1333 1613 1405 1673 ‘in
1436 1614 1506 1674 iis

125 1695 348 1756 artibus
370 1739 391 1769 ,
419 1695 480 1752 in
504 1691 710 1774 quibus
731 1711 854 1751 non
873 1690 1083 1750 utilitas
1108 1693 1377 1772 quaeritur
1394 1714 1506 1758 ne·

125 1776 393 1849 ceffaria‚
430 1773 530 1836 sed
550 1773 728 1834 animi
745 1771 924 1832 libera
940 1771 1207 1852 quaedam
1241 1770 1506 1837 obleRass

128 1858 212 1918 tio
238 1902 259 1931 ‚
298 1855 480 1947 quem
500 1854 808 1935 diligenter
826 1896 846 1925 ‚
871 1852 935 1912 &
957 1851 1131 1933 quem
1148 1855 1337 1936 prope
1351 1855 1507 1918 fasti.

128 1936 295 1999 diose
321 1933 693 2017 judicamus?
734 1931 925 1993 Nullae
943 1933 1102 1994 enim
1120 1933 1280 2010 lite5‚
1309 1954 1503 2019 neque

130 2019 555 2083 controversiae
588 2013 716 2074 sunt
736 2058 755 2088 ‚
796 2034 924 2094 quae
946 2029 1162 2096 cogant
1191 2014 1462 2079 homiues
1482 2063 1504 2095 ,

30 2126 39 2133 ·
131 2102 277 2161 sicut
299 2102 363 2159 in
389 2097 527 2158 foro
563 2116 685 2158 non
710 2095 905 2154 bonos
936 2111 1206 2155 oratores
1225 2139 1245 2170 ‚
1278 2099 1423 2158 item
1444 2101 1507 2163 in

132 2181 367 2242 theatro
392 2176 619 2239 affitores
641 2174 828 2236 malos
848 2172 1099 2256 perpeti.
1437 2182 1458 2189 “

221 2279 248 2320 1
265 2278 361 2340 ¹9·
393 2257 493 2318 Est
525 2259 698 2340 igitur
727 2257 947 2317 oratori
965 2254 1064 2314 dili
1106 2270 1275 2319 enter
1303 2259 1511 2340 provi·

134 2341 400 2403 (lendum
424 2385 444 2414 ,
489 2359 613 2399 non
646 2339 732 2397 uti
764 2337 872 2397 iuis
912 2334 1041 2395 satis
1104 2337 1217 2395 ciat
1234 2381 1259 2410 ,
1343 2338 1512 2402 uibus

134 2423 362 2485 ueceffe
399 2418 525 2493 est;
555 2418 658 2479 sed
689 2437 753 2479 ut
786 2419 855 2479 iis
886 2415 1234 2478 admirabilis
1267 2437 1302 2480 e
1346 2440 1381 2482 e
1413 2424 1510 2484 iri-

135 2502 345 2567 deatur
364 2546 386 2575 ‚
421 2501 629 2584 quibus
660 2499 1032 2571 libereliceat
1058 2495 1335 2579 judicare.
1372 2501 1509 2580 Ac,

136 2585 184 2644 si
216 2584 468 2666 quaeritis
498 2628 518 2657 ,
576 2580 749 2662 plane
771 2626 790 2655 ‚
836 2579 974 2662 quid
1008 2578 1284 2656 sentiam,
1317 2602 1512 2645 enun-

136 2665 301 2726 tiabo
328 2687 363 2725 a
407 2663 490 2724 ud
519 2662 789 2723 homines
813 2660 1282 2723 familiarissimos
1296 2705 1318 2733 ,
1346 2663 1512 2743 quod

140 2745 329 2807 adhuc
382 2765 593 2826 emper
612 2743 806 2816 tacui,
850 2744 916 2803 &
939 2739 1253 2802 tacendum
1285 2747 1511 2824 putavi.

143 2824 293 2889 Mihi
340 2829 521 2891 etiam
572 2827 672 2908 qui
716 2824 941 2906 optime
995 2822 1195 2883 dicunt
1226 2867 1247 2900 ‚
1298 2827 1512 2910 quique
