2017 3634
510 302 766 374 Ltss
818 322 970 374 εκ
1053 305 1200 413 ΙΙ.ῥ
1383 320 1533 405 173

129 422 224 481 tio
250 465 273 494 ‚
309 439 493 503 quam
519 414 697 496 lieet,
739 422 787 481 si
818 421 1127 495 volumus,
1168 420 1535 502 appellemus

131 519 338 562 artem
362 546 388 573 ,
437 503 678 563 tertium
723 501 1022 584 diligentia
1061 522 1078 560 ι
1134 523 1259 562 non
1305 502 1535 583 poffum

134 583 430 667 equidem
470 603 594 643 non
627 585 862 665 ingenio
896 585 1111 665 primas
1157 583 1533 645 concedere:

132 662 239 725 sed
266 680 478 725 tamen
509 662 695 745 ipsum
712 666 1013 747 ingenium
1032 663 1330 745 diligentia
1351 667 1532 727 etiam

132 764 210 806 ex
245 744 532 806 tarditate
563 747 788 806 incitat.

230 825 373 900 148.
419 824 782 909 Diligentia,
809 827 1047 906 inquam
1066 869 1087 899 ,
1127 845 1303 907 quum
1341 828 1532 888 omni·-

132 905 244 966 bus
277 908 344 966 in
379 908 554 966 rebus
573 952 594 982 ,
640 924 770 967 tum
812 909 874 966 in
923 908 1105 966 causis
1144 905 1529 970 defendendis

133 987 463 1069 plurimum
506 988 686 1049 valet.
750 988 895 1048 Haec
938 988 1225 1068 praecipue
1276 989 1528 1051 colenda

133 1068 219 1129 est
269 1070 492 1142 nobis;
536 1069 658 1129 haet
702 1067 931 1150 semper
975 1068 1305 1130 adhibenda
1326 1091 1346 1143 ;
1399 1070 1525 1132 haec

133 1149 282 1209 nihil
306 1148 394 1210 est
414 1150 578 1232 qued
598 1170 718 1210 non
739 1148 1078 1232 assequatur.
1126 1148 1310 1211 Causa
1332 1169 1396 1211 ut
1415 1172 1525 1233 pe·-

132 1233 292 1291 nitus
310 1275 333 1304 ‚
367 1230 536 1312 quod
561 1232 728 1291 initio
753 1231 868 1290 dixi
893 1277 912 1305 ‚
951 1248 1096 1292 nota
1122 1232 1195 1290 sit
1213 1274 1236 1303 ‚
1270 1231 1525 1315 diligen·-

134 1315 217 1371 tia
243 1310 333 1372 est
357 1332 375 1371 z
416 1329 481 1372 ut
512 1310 898 1373 adversarium
930 1312 1155 1372 attente
1182 1312 1480 1373 audiamus
1499 1358 1522 1387 ‚

136 1410 317 1474 atque
358 1409 427 1452 ut
467 1390 593 1469 ejus
625 1413 746 1452 non
785 1391 971 1452 solum
1016 1391 1324 1453 sententias
1348 1438 1369 1468 ,
1420 1392 1525 1454 sed

138 1477 322 1534 etiam
356 1474 541 1534 verba
568 1475 763 1534 omnia
786 1475 1142 1553 excipiamus
1159 1517 1179 1545 ‚
1206 1473 1406 1532 vultus
1426 1473 1532 1533 de·

138 1558 319 1636 nique
351 1552 761 1636 perspiciamus
783 1572 992 1614 omnes
1016 1597 1036 1625 ‚
1068 1554 1166 1634 qui
1191 1551 1380 1614 sensus
1410 1553 1533 1613 ani·

139 1639 221 1696 mi
248 1636 596 1717 plerumque
616 1636 873 1696 indicant
893 1679 913 1707 ‚
953 1633 1252 1717 diligentia
1279 1633 1383 1697 est.

227 1735 364 1795 149.
405 1715 476 1776 Id
508 1734 705 1778 tamen
728 1715 1152 1777 dissimulanter
1170 1713 1364 1779 facere
1381 1761 1404 1790 ‚
1439 1737 1518 1780 ne

139 1796 242 1858 sibi
279 1798 389 1858 ille
427 1799 499 1858 ali
543 1798 638 1858 uid
677 1796 966 1880 proficere
1009 1796 1279 1873 videatut
1309 1844 1328 1872 ‚
1377 1816 1523 1880 pru-¹

140 1878 340 1940 dentia
360 1876 465 1941 est.
580 1879 751 1940 einde
768 1895 831 1938 ut
847 1881 906 1938 in
924 1880 990 1936 iis
1007 1877 1153 1938 locis
1170 1922 1189 1951 ‚
1216 1899 1363 1960 quos
1384 1901 1522 1959 pm-

137 1979 361 2040 ponam
400 1960 579 2041 paulb
617 1957 746 2041 pbst
767 2005 786 2034 ‚
835 1958 1216 2040 pervolvatur
1247 1962 1473 2020 animus
1494 2006 1517 2035 ‚

140 2057 206 2100 ut
222 2039 278 2101 se
309 2044 544 2122 penitus
562 2043 812 2102 insinuet
827 2043 886 2099 in
908 2039 1134 2100 causam
1153 2085 1173 2113 ‚
1204 2057 1270 2099 ut
1290 2042 1361 2100 sit
1381 2043 1518 2102 cura

140 2121 204 2180 &
231 2143 307 2182 co
351 2122 597 2183 itatione
622 2124 877 2184 intentus
896 2165 917 2195 ,
958 2121 1257 2202 diligentia
1289 2118 1409 2181 est:
1450 2138 1517 2182 ut

135 2201 221 2261 his
255 2222 323 2263 re
370 2225 436 2263 us
477 2201 748 2263 adhiheat
767 2247 788 2276 ‚
826 2219 1128 2282 tamquam
1165 2200 1366 2261 lumen
1406 2201 1519 2261 ali-

135 2284 294 2365 quod
313 2329 336 2358 ,
356 2286 735 2359 memoriam,
755 2299 819 2343 ut
832 2300 1084 2356 vocem,
1102 2297 1168 2340 ut
1181 2282 1368 2341 vires:
1390 2281 1531 2345 haec.

136 2384 348 2448 magna
376 2365 523 2426 sunt.
1321 2400 1327 2405 ·

220 2465 360 2525 150.
402 2444 565 2507 Inter
608 2447 905 2528 ingenium
941 2442 1178 2526 quidem
1206 2487 1225 2518 ,
1271 2442 1339 2504 &
1383 2443 1520 2505 dili-

133 2529 391 2608 gentiam
412 2547 520 2609 per
565 2527 819 2587 aululum
838 2527 956 2586 loci
982 2525 1268 2607 reliquum
1288 2522 1369 2585 est
1383 2528 1515 2587 arti.

136 2608 247 2666 Ars
269 2548 633 2670 demonia-at
654 2610 878 2669 tantum
894 2651 913 2680 ,
937 2607 1037 2666 ubi
1056 2625 1307 2687 φῶτας,
1334 2622 1512 2686 atque

133 2687 227 2748 ubi
254 2692 329 2748 sit
351 2688 499 2749 illud
522 2733 543 2763 ,
580 2687 745 2770 quod
774 2686 1004 2749 studeas
1032 2686 1332 2746 invenite:
1377 2685 1515 2746 reli·

132 2789 242 2848 qua
264 2769 397 2831 sunt
416 2772 480 2830 in
517 2791 654 2830 cura
673 2815 694 2845 ,
732 2770 1061 2831 attentione
1093 2765 1313 2838 animi,
1346 2768 1515 2848 cogi·

133 2852 353 2916 tatione
380 2895 405 2928 ,
451 2849 756 2938 vigilantia
782 2895 804 2927 ,
850 2843 1465 2991 ”Sidfflt²1²·133..l²b⁰¹'e
1486 2868 1510 2925 3

1205 2948 1266 3011 ιι]
1527 2964 1534 2972 ·
