2017 3634
482 275 586 343 ”L-
628 291 668 342 1
720 295 773 347 B
826 302 878 351 E
927 301 981 352 R
1053 286 1236 356 JJJ.
1414 230 1565 383 349

187 402 318 450 non
353 389 627 454 breviora
659 396 726 456 δε·
753 397 982 478 praecisa
1027 420 1195 463 erunt
1232 403 1566 485 superiora)

179 492 345 550 -quos
387 490 485 533 aut
516 475 747 538 chorios
769 523 788 552 ,
828 496 923 538 aut
948 480 1207 556 heroos»,
1249 504 1348 545 aut
1386 487 1568 547 alter-

189 573 306 611 nos
325 551 442 614 esse
471 558 797 636 oportebit,
823 564 994 621 autin
1020 585 1227 644 paeone
1248 566 1349 627 illo
1367 567 1569 648 poste-

173 632 348 695 riore
362 678 382 707 ,
406 649 584 716 que'm
606 637 950 701 Aristoteles
972 646 1218 723 probat,-
1247 665 1343 707 aut
1366 651 1420 709 ei
1441 652 1564 730 pari

186 710 459 782 Cretico·
500 716 731 779 Horum
753 723 1166 785 vicissitudines
1193 726 1444 788 efficient
1459 775 1477 803 ,
1498 746 1564 791 ut

184 813 387 874 neque
408 797 446 855 ii
461 794 762 876 satientur,
816 804 874 861 ni
886 803 1149 880 audient,
1166 805 1389 869 fastidio
1408 811 1564 871 simi-

181 873 442 936 litudinis
456 922 476 950 ‚
496 899 609 940 nec
627 885 736 940 'nos
757 823 816 942 i}
830 927 849 957 ‚
870 885 1032 964 quod
1050 884 1323 948 faciemus
1339 934 1359 964 ‚
1379 891 1562 971 oper&

173 954 388 1023 ‘dedita
412 956 603 1020 facere
631 961 951 1025 videamur.

276 1054 411 1116 194·
454 1037 642 1120 Quod
685 1045 732 1102 si
769 1042 911 1104 Anti
955 1062 1080 1121 {iter
1113 1048 1212 1109 ine
1247 1047 1557 1124 Sidonius,

171 1136 365 1198 ,quem
391 1136 456 1179 tu
495 1121 684 1202 probe
703 1160 723 1197 ,-
752 1122 903 1185 Catu
925 1147 958 1187 e
977 1171 997 1201 ,
1042 1130 1386 1206 meministi,
1417 1131 1557 1193 soli-

181 1215 276 1259 tus
303 1197 388 1261 est
418 1201 610 1262 versus
637 1203 1002 1268 hexametros
1031 1253 1059 1282 ‚1
1096 1210 1347 1293 aliosque
1384 1216 1557 1274 variis

182 1280 377 1340 modis
404 1298 579 1363 atque
605 1289 858 1349 numeris
878 1287 1121 1351 fundere
1149 1312 1223 1353 ex
1248 1310 1519 1374 tempore
1535 1340 1557 1369 ‚

179 1363 523 1444 tanti'imque
564 1365 811 1427 hominis
853 1369 1137 1451 ingeniosi
1172 1394 1238 1431 ac
1281 1378 1556 1437 memoris

144 1450 152 1454 ’
180 1442 367 1502 valuit
398 1448 736 1507 exercitatio
760 1493 780 1521 ‚
823 1465 921 1522 ut,
960 1471 1139 1530 quum
1176 1451 1234 1513 se
1260 1469 1460 1515 mente
1485 1476 1554 1516 ac

181 1523 487 1586 voluntate
514 1524 842 1608 conjecisset
868 1530 926 1587 in
944 1529 1175 1591 versum
1195 1576 1214 1606 ‚
1253 1534 1436 1594 verba
1459 1533 1556 1595 se—

180 1623 532 1685 querentur;
575 1616 792 1690 quanto
831 1609 892 1669 id
919 1609 1135 1670 facilins
1161 1614 1225 1683 in
1246 1616 1552 1691 oratione,

178 1687 596 1750 exercitatione
657 1690 723 1751 δι
780 1689 1193 1755 consuetudine
1220 1734 1229 1743 -
1255 1695 1509 1759 adhibita
1526 1740 1549 1772 ‚

179 1765 642 1848 consequemur?

266 1866 400 1929 195.
457 1848 608 1909 Illud
657 1868 851 1913 autem
894 1873 970 1915 ne
1024 1856 1150 1936 quis
1197 1855 1551 1933 admiretur-5

176 1948 438 2009 quonam
469 1931 653 1991 modo
685 1932 812 1992 haec.
832 1935 1037 2017 vulgus
1062 1938 1551 2017 imperitorumqin

172 2010 471 2072 audiendo
511 2029 680 2074 notet
713 2034 730 2073 τ
787 2035 966 2096 quum
1007 2019 1265 2078 inomni
1293 2024 1506 2101 genere
1529 2065 1552 2096 ,

173 2106 298 2151 tum
330 2092 389 2150 in
412 2092 525 2152 hoc
553 2091 676 2174 ipso
703 2115 916 2177 magna
941 2097 1205 2177 quaedam
1228 2098 1309 2159 est
1335 2103 1423 2162 vis
1448 2102 1548 2160 in—

167 2171 573 2256 credibilisque
608 2192 840 2235 naturae.
910 2175 1141 2238 Omnes
1172 2181 1329 2238 enim
1365 2183 1546 2242 tacito

159 2253 434 2333 quodam
459 2254 623 2315 'sensu
646 2300 668 2329 ‚
707 2258 829 2319 sine
861 2256 976 2317 ulla
1002 2275 1123 2318 arte
1162 2275 1259 2317 aut
1282 2262 1505 2320 ratione
1523 2306 1544 2336 ,

342 2336 456 2395 sint
494 2338 554 2397 in
591 2336 805 2397 artibus
840 2358 909 2397 ac
948 2338 1266 2401 rationibus
1300 2340 1451 2400 τθξὶει
1478 2362 1548 2401 ac
1634 2400 1639 2406 .

169 2434 354 2509 prava
377 2459 397 2489 ,
444 2414 766 2496 dijudicant
802 2438 816 2477 ε
880 2417 1065 2500 idque
1109 2418 1285 2501 quum
1329 2420 1550 2485 faciunt
1617 2414 1621 2432 ⁵

101 2506 104 2511 “
168 2516 233 2554 m
269 2495 500 2577 piRuris
516 2543 539 2570 ,
584 2498 649 2558 &
677 2499 734 2558 in
762 2501 930 2581 signis
947 2545 967 2575 ‚
1006 2500 1072 2562 &
1101 2503 1159 2560 in
1183 2501 1305 2560 aliis
1340 2503 1544 2582 operi-

158 2575 280 2636 bus
294 2622 314 2652 ‚
341 2577 417 2636 ad
443 2599 690 2659 quorum
713 2579 1149 2661 intelligentiam
1170 2603 1203 2640 a
1226 2600 1426 2642 natura
1443 2584 1546 2641 mi-

170 2658 280 2719 nius
301 2658 524 2719 habent
550 2657 945 2732 instrumenti3
980 2676 1105 2719 tum
1127 2662 1312 2722 multo
1347 2660 1547 2723 osten-

157 2737 314 2799 dunt
342 2741 524 2829 magis
542 2740 601 2800 in
619 2740 967 2814 verborum,
999 2761 1372 2803 numerorum
1388 2787 1407 2816 ,
1431 2764 1546 2804 voe·

161 2839 419 2902 ‚saltuque
444 2821 664 2903 judicio
680 2841 704 2897 3
738 2820 899 2904 quod
929 2840 1003 2885 ea
1038 2820 1162 2893 sunt
1185 2824 1244 2885 in
1267 2843 1547 2895 commu?
