2017 3634
430 213 592 306 27'0
735 212 896 281 DE
969 209 1520 282 ORATOR),-

429 332 635 413 patriae
653 375 672 404 ,
695 348 874 411 grave
897 326 1070 387 bonis
1090 328 1397 388 omnibus:
1430 327 1533 390 sed
1556 331 1596 389 ii
1617 332 1811 391 tamen

432 410 855 493 rempublicam
878 407 1035 468 casus
1055 407 1235 469 secuti
1251 409 1380 468 sunt
1398 456 1418 484 ‚
1445 427 1510 470 ut
1529 410 1673 471 mihi
1694 434 1815 472 non

435 510 639 575 erepta
677 491 746 551 L.
786 487 988 552 Crasso
1018 512 1054 549 a
1085 489 1190 550 diis
1213 492 1639 552 immortalibus
1656 496 1818 567 vita,

431 573 534 635 sed
573 573 789 633 donata
824 592 986 632 mors
1015 568 1130 632 esse
1165 571 1457 633 videatur.
1498 572 1644 634 Non
1672 575 1817 635 vidit

433 656 782 737 flagrantem
821 652 982 713 bello
1020 651 1245 713 Italiam
1273 699 1295 727 ‚
1348 676 1473 716 non
1511 655 1819 717 ardentem

431 735 655 797 invidia
687 734 947 796 senatum
967 780 987 809 ,
1024 755 1146 794 non
1176 733 1406 795 sceleris
1436 735 1644 796 nefarii
1666 740 1825 818 prin-

434 820 596 900 cipes
620 819 873 878 civitatis
899 836 1035 876 reos
1057 861 1076 890 ,
1107 836 1230 875 non
1250 816 1467 876 laetum
1483 815 1614 878 filiae
1639 863 1661 893 ,
1698 840 1822 878 non

438 897 705 961 exsilium
725 899 925 981 generi
948 941 968 970 ,
999 917 1125 957 non
1145 897 1574 958 acerbissimam
1596 897 1674 960 C.
1695 899 1825 960 Ma-

437 981 507 1040 rii
541 979 738 1062 fugam
765 1024 785 1052 ‚
843 998 966 1038 non
1014 977 1171 1037 illam
1225 977 1357 1059 post
1403 980 1656 1042 reditum
1695 977 1822 1060 ejus

440 1059 667 1121 caedem
710 1060 973 1138 omnium
1009 1058 1507 1132 crudelissimam,
1541 1082 1671 1122 non
1712 1062 1825 1123 de·-

362 1169 369 1175 ·
437 1143 615 1222 nique
646 1144 705 1200 in
728 1142 888 1202 omni
918 1159 1136 1222 genere
1176 1139 1564 1201 deformatam
1586 1162 1721 1202 eam
1742 1146 1826 1203 ci-

440 1225 687 1283 vitatem
707 1267 726 1296 ,
762 1225 820 1281 in
851 1241 965 1302 qua
986 1219 1107 1302 ipse
1133 1222 1542 1283 florentissima
1571 1224 1824 1286 multum

442 1304 717 1364 omnibus
752 1303 937 1385 gloria
969 1300 1328 1383 praestitiffet.

524 1383 633 1445 III.
679 1384 798 1445 Sed
817 1387 1093 1465 quoniam
1113 1387 1277 1467 attigi
1296 1387 1649 1468 cogitatione
1667 1387 1789 1448 vim
1801 1432 1824 1460 ,

442 1468 904 1547 varietatemque
926 1465 1175 1526 fortunae
1193 1512 1211 1540 ,
1236 1488 1356 1527 non
1379 1467 1685 1551 vagabitur
1701 1488 1828 1528 ora-

441 1551 526 1608 tio
548 1569 682 1609 mea
701 1548 930 1630 longius
950 1593 970 1620 ‚
1012 1564 1189 1628 atque
1224 1551 1306 1608 eis
1337 1547 1460 1607 fere
1498 1550 1635 1632 ipsis
1667 1543 1828 1609 ‘defi—

442 1626 635 1690 nietur
671 1630 849 1700 viris,
888 1630 987 1708 qui
1023 1629 1140 1688 hoc
1172 1626 1480 1703 sermone,
1519 1650 1696 1712 quem
1735 1651 1828 1690 re-

442 1707 597 1770 ferre
649 1711 972 1790 coepimuS,
1015 1711 1410 1770 continentur.
1470 1709 1624 1793 Quis
1666 1709 1838 1771 enim'

440 1812 567 1851 non
592 1789 717 1870 jure
745 1792 980 1849 beatam
1014 1789 1085 1850 L.
1114 1788 1311 1850 Crassi
1338 1807 1597 1851 mortem
1626 1790 1826 1865 illam,

442 1892 575 1953 quae
616 1869 700 1932 est
737 1893 771 1929 a
816 1871 1009 1930 multis
1054 1869 1206 1953 saepe
1253 1871 1468 1932 defleta
1499 1917 1518 1946 ,
1575 1871 1826 1945 dixerit,

522 1973 621 2015 um
656 1952 867 2011 horum
905 1951 1160 2033 ipsorum
1195 1955 1268 2012 sit
1290 1997 1312 2025 ,
1366 1955 1464 2035 qui
1516 1967 1643 2012 tum
1684 1975 1820 2016 cum

432 1974 548 2096 illle
578 2026 937 2116 postremum
970 2030 1093 2094 fere
1119 2032 1399 2094 collocuti
1432 2033 1599 2108 sunt,
1640 2054 1830 2095 even·-

443 2132 571 2176 tum
604 2113 944 2175 reeordatus
982 2113 1006 2174 ἓ
1051 2113 1353 2176 Tenemus
1396 2118 1553 2175 enim
1593 2136 1831 2178 memo·

444 2198 528 2259 ria
550 2242 569 2271 ,
609 2195 696 2276 Q.
735 2193 1014 2258 Catulum
1035 2241 1055 2269 ‚
1091 2198 1282 2263 virum
1302 2199 1465 2256 omni
1484 2195 1658 2257 laude
1679 2220 1830 2280 prae-

443 2276 691 2341 stantem
715 2322 733 2351 ,
773 2298 953 2359 quum
989 2277 1096 2336 sibi
1119 2277 1620 2341 nonincolumem
1636 2278 1831 2339 fortu-

445 2374 585 2419 nam
602 2403 622 2432 ,
643 2358 745 2419 sed
770 2359 1033 2420 exsilium
1068 2357 1134 2419 &
1155 2356 1352 2441 fugam
1376 2358 1791 2440 deprecaretur
1809 2403 1834 2435 ,

448 2438 567 2501 esse
585 2437 852 2500 coaestum
869 2484 888 2513 ‚
908 2455 973 2498 ut
991 2438 1114 2498 vita
1129 2437 1188 2500 se
1207 2438 1325 2520 ipse
1344 2441 1624 2521 privaret.

474 2542 481 2549 ·
539 2538 628 2579 10.
673 2518 802 2583 Jam
840 2519 933 2579 Μ.
963 2517 1214 2580 Antonii
1246 2524 1302 2581 in
1334 2521 1420 2581 his
1435 2523 1574 2605 ipsis
1599 2519 1830 2596 rostris,

447 2602 508 2662 in
547 2602 750 2683 quibus
782 2600 877 2663 ille
910 2601 1333 2683 rempublicam
1371 2600 1832 2663 constantissime

447 2682 647 2743 consul
685 2680 1073 2756 defenderat,
1113 2698 1362 2765 quaeque
1395 2681 1834 2773 censorimpe-

442 2766 674 2828 ratoriis
717 2765 1003 2829 manubiis
1042 2782 1276 2829 ornarat
1296 2809 1315 2845 ,
1360 2767 1622 2853 positum
1655 2780 1830 2855 caput
