2017 3634
468 309 528 380 L
577 324 619 378 ι
670 326 726 381 Β
778 331 831 381 Β
879 328 933 381 ιι
1005 312 1057 382 I
1075 315 1135 383 I.
1341 315 1487 413 189

99 428 343 513 integra
368 427 674 491 sententiae
693 474 717 500 ,
750 444 870 489 tam
895 450 1053 491 verae
1070 476 1091 505 ,
1122 447 1243 493 tam
1270 455 1446 519 noqqe
1465 478 1489 508 ,

101 526 218 570 tam
262 514 393 572 sine
481 514 500 569 i
543 512 752 571 mentis
775 554 796 584 ‚
835 509 1089 593 fucoque
1131 515 1376 594 puerili,
1424 533 1491 577 ut

102 592 241 653 mihi
278 613 409 653 non
461 613 500 651 o
525 595 624 652 um
643 607 707 651 tu
729 591 1041 655 incendere
1060 590 1353 674 judicem,
1383 595 1487 658 sed

103 671 217 754 ipse
240 673 456 734 ardere
476 672 750 732 videaris·

185 753 326 833 189.
374 753 589 835 Neque
616 751 744 813 fieri
767 750 990 831 potest,
1014 768 1077 812 ut
1102 754 1300 817 doleat
1323 757 1370 818 is
1391 759 1492 839 qui

107 834 258 894 audit
283 879 310 907 ‚
360 852 427 895 ut
463 834 657 895 oderit
678 878 698 906 ,
740 849 804 892 ut
847 833 1148 908 invideat,
1199 853 1263 896 ut
1301 841 1490 918 perti-

106 914 320 977 mescat
359 914 617 997 aliquid,
659 930 724 973 ut
762 913 836 972 ad
877 914 1122 989 fletum,
1163 916 1494 980 misericor-

111 993 387 1078 diamque
424 996 772 1067 deducatur-3
805 997 912 1055 nisi
937 1017 1145 1059 omnes
1177 999 1216 1058 ii
1251 1017 1447 1061 motus
1464 1045 1487 1074 ‚

109 1096 251 1157 quos
274 1094 484 1139 orator
510 1076 785 1137 adhibere
816 1076 982 1138 volet
1010 1075 1187 1158 judici
1210 1126 1229 1154 ,
1262 1083 1322 1141 in
1359 1079 1500 1162 ipso·

113 1176 351 1221 oratore
392 1160 657 1239 impressi
691 1153 803 1219 esse
823 1201 843 1229 ,
888 1174 1064 1240 atque
1101 1158 1267 1221 inusti
1310 1162 1494 1224 vide-

114 1239 348 1300 buntur.
403 1239 595 1380 guod
619 1241 665 1298 si
686 1235 846 1298 flans
879 1240 1079 1320 aliquis
1115 1241 1289 1303 dolor
1317 1242 1492 1304 susci-

116 1321 362 1399 piendus
385 1340 417 1380 e
467 1337 524 1380 et
542 1364 562 1391 ‚
588 1319 716 1378 &si
734 1321 794 1378 in
814 1314 1100 1381 e’usmodi
1120 1343 1335 1405 genere
1356 1345 1494 1385 ora-

119 1403 283 1462 tionis
314 1401 462 1461 nihil
484 1399 622 1461 effet
641 1444 661 1474 ,
695 1400 803 1459 nisi
852 1398 1070 1474 alsurn,
1094 1420 1269 1483 atque
1301 1407 1497 1465 imita-

119 1483 275 1542 tione
296 1482 669 1554 simulatum,
701 1477 893 1557 major
916 1501 1006 1539 ars
1031 1483 1221 1562 aliqua
1249 1481 1494 1546 forsitan

124 1559 255 1622 effer
300 1560 670 1645 requirenda.
726 1558 902 1620 Nunc
945 1580 1063 1641 ego
1099 1606 1119 1636 ,
1174 1562 1313 1643 quid
1347 1563 1452 1625 tibi
1476 1609 1496 1637 ,

125 1639 319 1704 Crass'e
341 1688 362 1717 ,
398 1641 539 1725 quid
580 1642 786 1705 ceteris
824 1640 1049 1702 accidat
1068 1685 1089 1715 ,
1126 1642 1314 1704 nescio
1352 1665 1367 1704 ε
1419 1644 1496 1706 de

126 1743 217 1783 me
246 1740 454 1785 autem
493 1721 656 1784 causa
691 1720 847 1781 nulla
886 1719 1018 1796 est,¹
1051 1744 1152 1784 cur
1186 1725 1343 1821 apud
1376 1726 1498 1788 ho..

130 1807 314 1865 mines
349 1803 825 1887 prudentissimos
844 1847 864 1878 ,
909 1818 1086 1885 atque
1117 1808 1498 1873 armcissimos

129 1887 394 1946 mentiar.
461 1883 600 1945 Non
641 1882 976 1944 mehercule
1023 1905 1299 1968 umquam
1341 1888 1500 1970 apud

132 1961 350 2043 indices
369 2011 390 2041 ,
430 1982 528 2026 aut
546 1964 816 2026 dolorem
831 1980 981 2037 ,aut
1009 1965 1458 2030 misericordiam
1475 2015 1496 2045 ,

134 2066 227 2105 aut
257 2045 542 2108 invidiam
563 2091 584 2120 ‚
624 2062 720 2105 aut
745 2044 947 2105 odium
969 2050 1221 2109 excitare
1243 2049 1499 2125 dicendo

134 2127 337 2199 volui;
379 2130 521 2210 quin
558 2128 578 2185 i
619 2125 675 2188 se
708 2128 769 2186 in
809 2129 1256 2188 commovendis
1292 2127 1502 2208 judici-

136 2206 237 2267 bus
256 2254 277 2284 ,
314 2211 383 2268 iis
411 2209 549 2290 ipsis
591 2207 820 2268 ensibus
841 2251 862 2281 ,
896 2205 973 2266 ad
988 2228 1137 2288 quos
1161 2208 1293 2269 illos
1315 2209 1505 2272 addu-

141 2308 270 2350 cere
288 2289 514 2351 vellem
529 2333 552 2362 ,
581 2307 982 2370 permoverer.

222 2388 359 2449 190.
402 2369 615 2451 Neque
646 2371 807 2431 enim
849 2366 1020 2429 facile
1060 2366 1143 2430 est
1224 2367 1462 2435 erficere
1484 2416 1508 2448 ‚

139 2466 199 2508 ut
228 2450 498 2511 irascatur
527 2452 624 2525 ei,
662 2451 754 2510 cui
782 2466 846 2509 tu
875 2448 1063 2526 velis,
1096 2390 1312 2530 judex,
1353 2455 1403 2513 si
1437 2470 1504 2516 tu

137 2530 252 2612 ipse
283 2531 348 2592 id
376 2532 536 2594 lente
562 2531 713 2593 ferre
745 2529 1019 2593 videare:
1062 2552 1252 2613 neque
1271 2550 1333 2593 ut
1355 2534 1510 2596 ode·

141 2613 211 2672 rit
250 2633 430 2687 eum,
521 2632 657 2673 uem
697 2611 846 2673 velis
877 2655 898 2683 ‚
953 2614 1062 2672 nisi
1108 2610 1351 2693 teipsum
1396 2615 1510 2673 fla*

180 2712 400 2755 tantem
431 2714 470 2754 o
519 2696 576 2753 ‘o
603 2692 737 2753 ante
764 2690 975 2752 viderit
1002 2712 1018 2749 ε
1066 2711 1257 2772 neque
1289 2691 1365 2751 ad
1392 2695 1512 2752 mi-

140 2712 508 2835 ?ericordiam
534 2771 852 2833 adducetur
872 2816 893 2845 ,
928 2773 1034 2831 nisi
1056 2774 1109 2832 ei
1135 2788 1195 2831 tu
1223 2774 1383 2856 signa
1402 2773 1512 2834 do-

142 2851 277 2919 loris
311 2857 401 2919 tui
423 2854 620 2921 verbis
642 2898 663 2930 ,
699 2851 1032 2930 sententiis,
1066 2872 1220 2918 voce
1243 2898 1264 2932 ,
1298 2854 1461 2926 vultu
1482 2899 1508 2933 ‚
