2017 3634
497 243 665 339 306
816 245 971 312 DE
1061 241 1596 313 ORATORE

504 357 606 417 vel
628 359 774 421 ratio
793 402 813 431 ‚
847 356 948 418 vel
982 359 1107 420 sine
1137 360 1364 420 ratione
1385 403 1406 433 ,
1443 356 1563 440 ipsa
1602 356 1873 418 exercita·

503 441 610 498 tie.
652 438 874 501 Rerum
911 437 994 499 est
1031 439 1178 501 silva
1213 460 1468 523 magna,
1500 459 1682 521 quam
1710 458 1870 521 quum

508 517 704 581 Graeci
729 517 848 599 jam
877 540 1001 579 non
1030 538 1303 582 tenerent
1322 566 1342 596 ‚
1374 521 1463 581 ob.
1482 540 1734 603 eamque
1755 541 1873 579 cau-

501 598 624 665 sam
659 597 935 678 juventus
972 600 1168 663 nostra
1208 600 1534 663 dedisceret
1566 620 1726 687 pene
1763 601 1872 660 dis-

505 679 700 745 cende
721 727 750 756 ,
784 684 966 744 etiam
1004 682 1237 758 Latini,
1280 686 1327 744 si
1358 684 1467 743 diis
1485 682 1687 765 placet
1708 729 1728 759 ‚
1769 682 1872 742 hoo

503 758 744 823 hiennio
778 762 1029 846 magistri
1063 765 1297 826 dicendi
1328 763 1705 829 exstrterunt:
1740 782 1870 847 quos
1974 752 1975 767 ³

507 863 625 926 ego
673 844 888 909 censen
922 845 1115 906 edieto
1154 867 1295 908 meo
1337 842 1675 907 sustuleram
1700 892 1718 920 ‚
1767 865 1872 905 non

507 926 632 1006 qub
667 924 778 1006 (ut
810 925 1002 987 nescio
1037 927 1408 1009 quosdicere
1444 928 1728 1000 aiebant)
1760 926 1871 985 acui

507 1008 742 1099 ingenia
760 1007 1215 1069 adolescentium
1251 1008 1475 1070 nollem
1498 1052 1518 1082 ,
1554 1007 1662 1069 sed
1689 1005 1872 1068 contra

508 1089 741 1167 ingenia
771 1087 1020 1149 obtundi
1055 1090 1219 1151 noiui
1238 1134 1257 1165 ‚
1299 1090 1675 1151 corroborari
1702 1091 1875 1169 impu·
1976 1120 1977 1127 κ

509 1167 788 1229 dentiam.

593 1267 696 1325 94.
749 1248 906 1310 Nam
951 1251 1111 1332 apud
1162 1249 1410 1312 Graecos
1449 1296 1469 1325 ,
1535 1247 1875 1311 cuicuimodi
1976 1288 1977 1317 1

513 1328 727 1405 essent,
768 1331 1048 1392 videbam
1070 1336 1269 1393 ‘tamen
1296 1330 1409 1393 esse
1433 1376 1452 1405 ‚
1494 1351 1713 1414 praeter
1744 1332 1874 1391 hanc
1976 1342 1977 1419 ᾗ

512 1415 991 1475 exercitationem
1010 1414 1253 1496 lingua,
1281 1413 1607 1473 doarinam
1624 1413 1876 1496 aliquam,

514 1492 583 1553 δί.
608 1493 1027 1560 humanitatem
1058 1497 1293 1577 dignam
1314 1494 1586 1554 scientia:
1621 1496 1729 1559 hos
1749 1492 1876 1555 verb

514 1594 710 1636 novos
755 1574 1057 1658 magistros
1105 1576 1243 1635 nihil
1281 1575 1688 1657 intelligebam
1733 1569 1875 1656 poss'e

514 1655 765 1731 docere,
792 1659 899 1716 nisi
928 1672 993 1716 ut
1016 1656 1340 1731 auderent;
1374 1657 1540 1738 quod
1564 1661 1743 1718 etiam
1760 1673 1874 1729 cnm

513 1737 688 1799 bonis
720 1738 892 1797 rebus
932 1736 1307 1815 conjunfium
1327 1783 1348 1812 ‚
1393 1757 1503 1820 per
1538 1736 1781 1820 seipsum
1804 1731 1874 1795 est

514 1838 877 1958 magnopere
911 1818 1275 1900 fugiendum.
1323 1819 1463 1879 Hoc
1507 1839 1692 1900 quum
1716 1835 1874 1878 unum

513 1914 604 1958 tra
648 1915 839 1960 eretur
869 1944 889 1973 ‚
955 1901 1020 1960 ὃ(
1073 1920 1254 1981 quum
1301 1899 1683 1982 impudentiae
1729 1897 1873 1959 ludus
1978 1896 1979 1939 ss

514 1976 692 2052 esset3
731 1982 932 2059 putavi
966 1977 1082 2041 ess'e
1122 1980 1416 2056 censoris,
1457 2001 1533 2041 ne
1570 1982 1796 2064 longius
1819 1974 1871 2041 id

509 2057 770 2141 serperet
792 2105 812 2134 ‚
849 2061 1191 2142 providere.

597 2159 700 2224 95·
742 2141 1120 2226 Quamquam
1147 2164 1269 2205 non
1306 2143 1432 2203 haec
1458 2143 1540 2202 ita
1576 2141 1762 2204 statuo
1792 2154 1872 2200 at·-

514 2243 631 2305 que
660 2223 914 2285 decerno
931 2270 952 2299 ‚
987 2242 1052 2285 ut
1080 2225 1420 2307 desperent,
1448 2223 1658 2285 Latine
1683 2245 1778 2297 ea,
1808 2219 1871 2278 de
1978 2268 1979 2271 ,

514 2305 720 2385 quibus
762 2304 1175 2387 disputavimus
1204 2352 1224 2382 ‚
1277 2304 1428 2366 tradi
1468 2327 1534 2365 ac
1574 2303 1870 2388 perpoliri:

514 2388 732 2466 patitur
754 2391 911 2448 enim
937 2390 1004 2449 &
1023 2389 1217 2471 lingua
1236 2385 1463 2462 nostra,
1491 2387 1557 2447 &
1584 2403 1779 2447 natura
1795 2400 1872 2442 re·

515 2487 645 2525 rum
669 2512 686 2540 ,
725 2485 990 2528 veterem
1025 2468 1183 2528 illam
1223 2468 1729 2550 excellentemque
1752 2483 1875 2545 pru⁶

520 2546 781 2608 dentiam
818 2547 1164 2611 Graecorum
1197 2596 1223 2624 ,
1269 2550 1345 2611 ad
1393 2547 1657 2609 nostrum
1694 2546 1873 2614 usum,

519 2648 752 2691 morem
834 2651 867 2691 e
895 2631 1229 2693 transferri:
1269 2630 1371 2693 sed
1396 2631 1727 2692 hominibus
1747 2630 1875 2707 opui

519 2708 607 2770 est
658 2730 759 2773 eru
804 2713 891 2775 itis
918 2759 941 2785 ‚
996 2716 1095 2797 qui
1150 2713 1339 2774 adhuc
1391 2715 1451 2773 in
1494 2712 1612 2772 hoc
1659 2708 1873 2792 quidem

524 2811 742 2873 genere
780 2793 959 2856 nostri
993 2795 1137 2858 nulli
1177 2795 1412 2857 fuerunt
1449 2815 1466 2856 t
1528 2797 1616 2859 sin
1660 2785 1874 2877 quande
