2017 3634
484 160 1239 277 --Lr-Bemle-
1473 205 1582 286 3⁷

193 303 524 386 petendum
543 350 565 380 ‚
616 305 683 366 &
720 303 1077 367 adversarios
1102 307 1419 368 minaciter
1439 302 1579 379 ter-g-

173 405 329 449 ·1ere
352 384 653 468 possemus
674 432 694 460 ‚
731 387 796 448 &
815 407 940 447 rem
976 386 1194 470 gestam
1231 409 1530 470 exponere
1553 433 1578 464 ‚

205 467 342 527 &id
362 514 382 542 ,
411 466 578 549 quod
597 466 1069 547 intenderemus»,
1097 464 1477 544 confirmare,
1508 470 1582 530 δι,

197 547 258 607 id
274 594 298 621 ‚
338 549 510 631 quod
547 547 754 610 contra
792 547 1077 629 diceretur
1097 594 1117 625 ‚
1155 549 1421 613 refellere
1442 595 1465 625 ,
1507 550 1579 612 δι

195 629 274 688 ad
308 646 643 691 extremum
679 629 981 710 deprecari
1021 629 1237 712 aliquid
1259 676 1279 705 ,
1320 633 1400 711 &¹
1424 652 1580 711 coq-

281 713 364 770 eri
380 732 401 784 3
511 713 523 725 ⁸
571 732 637 770 us
653 711 714 770 in
728 710 905 770 rebus
926 713 1122 771 omnis
1137 730 1436 789 oratorum
1450 733 1584 774 ver-

284 809 418 852 etur
494 791 711 864 cultas;
743 792 808 852 &
825 789 987 872 quod
1004 789 1364 854 consuetudo
1379 839 1397 868 ,
1419 786 1582 859 exere

198 874 523 954 citatioque
543 873 607 933 &
626 871 989 968 intelligendi
1013 873 1381 953 prudentiam
1404 894 1581 937 :cuei-

198 969 294 1015 tet
331 998 357 1028 ,
413 955 477 1014 &
520 953 843 1035 eloquendi
877 953 1236 1016 celeritatem
1268 957 1574 1018 Incitat-et:
1626 994 1636 1007 s

203 1049 328 1094 tum
351 1036 531 1102 etiam
551 1034 959 1115 exemplorum
986 1037 1159 1116 copia
1182 1036 1494 1098 nitebatur.
1557 1080 1572 1091 ·

281 1133 373 1194 91.
398 1115 557 1176 Nam
573 1118 850 1196 primum,
867 1118 1030 1196 quasi
1042 1116 1238 1177 dedita
1250 1118 1460 1199 oper-a,
1471 1136 1580 1180 ne-

197 1198 423 1257 minem
445 1196 787 1278 scriptorem
809 1199 941 1256 artis
961 1216 1040 1258 ne
1057 1197 1430 1261 mediocriter
1448 1201 1580 1280 qui·

201 1276 338 1336 dem
354 1277 629 1340 disertum
638 1274 799 1338 fuiffe
814 1275 1068 1353 dicebat,
1084 1290 1262 1360 quum
1278 1296 1576 1361 repeteret

199 1356 379 1438 usque
400 1382 436 1419 a
458 1357 686 1420 Corace
718 1356 910 1418 nescio
932 1379 1051 1440 quo
1067 1404 1087 1432 ‚
1120 1360 1185 1419 &
1201 1359 1363 1420 Tisia
1379 1405 1399 1434 ,
1463 1381 1578 1422 uos

199 1443 338 1500 artis
383 1440 534 1501 illius
583 1443 924 1500 inventores
976 1439 1042 1498 &
1090 1442 1381 1519 principes
1478 1437 1579 1501 isse

200 1519 497 1583 constaret
525 1542 542 1581 z
594 1521 1108 1602 eloquentissimos
1145 1536 1343 1580 autem
1365 1518 1585 1581 ‘homi-

200 1622 310 1663 nes
332 1649 355 1677 ‚
388 1605 485 1683 qui
517 1600 621 1662 ista
649 1621 756 1662 nec
780 1594 1105 1660 didiciss'ent
1125 1644 1145 1675 ,
1181 1621 1291 1662 nec
1331 1603 1578 1677 omnino

197 1682 341 1745 scire
365 1679 643 1743 curass‘ent
655 1729 675 1758 ,
701 1681 1162 1756 innumerabsses
1171 1676 1450 1763 'quosdam
1470 1703 1580 1757 nef

198 1766 464 1826 minabat
473 1785 494 1839 ;
508 1766 570 1824 in
588 1763 795 1845 quibus
813 1765 989 1822 etiam
1014 1765 1173 1840 (sive
1184 1763 1279 1824 ille
1296 1763 1576 1840 irridens,

200 1847 326 1908 sive
371 1844 536 1933 quod
578 1847 659 1905 ita
702 1860 937 1926 putaret
967 1888 989 1918 ‚
1042 1859 1217 1924 atque
1256 1847 1338 1905 ita
1380 1844 1581 1906 audis·

196 1927 313 2002 set)
343 1948 443 1988 me
463 1929 523 1988 in
542 1925 908 1991 illonumero
928 1971 946 2000 ,
969 1927 1069 2006 qui
1087 1924 1183 1985 illa
1200 1946 1324 1986 non
1345 1925 1579 1987 didicis·-

192 2008 322 2070 sem
343 2055 363 2083 ‚
426 2008 490 2068 ὃ(
541 2026 741 2067 tamen
763 2051 783 2079 ‚
831 2023 895 2066 ut
946 2005 1064 2087 ipse
1108 2004 1338 2067 dicebat
1363 2050 1384 2081 ‚
1475 2017 1581 2081 σεχ·

197 2091 321 2153 sem
345 2089 646 2170 aliquid.in
668 2087 917 2147 dicendo
937 2133 956 2160 ,
1030 2085 1346 2147 rofei-ebat.
1462 2108 1581 2151 uoq

198 2193 351 2233 rum.
377 2191 494 2253 ego
541 2169 623 2229 illi
676 2170 918 2229 alterum
999 2167 1141 2228 acile
1185 2165 1525 2228 assentiebar
1556 2213 1581 2243 ‚

197 2253 340 2315 nihil
358 2272 456 2313 me
475 2246 730 2311 didicisse
749 2269 768 2322 ;
795 2249 854 2308 in
874 2248 1060 2308 altero
1082 2264 1276 2309 autem
1301 2268 1398 2309 me
1415 2248 1580 2315 illudi

196 2335 270 2397 ab
288 2355 403 2409 eo„
428 2349 529 2393 aut
548 2333 728 2394 etiam
741 2329 924 2410 ipsum
944 2349 1137 2390 errare
1159 2328 1494 2395 arbitrabar.
1573 2371 1582 2381 .

276 2434 376 2496 92.
411 2412 633 2474 Artem
655 2412 802 2473 vero
819 2430 895 2471 ne
940 2410 1075 2470 abat
1090 2406 1204 2472 effe
1224 2409 1398 2471 ullam
1412 2455 1433 2486 ,
1464 2412 1580 2473 nisi

196 2519 333 2580 quae-
362 2496 651 2578 cognitis,
679 2431 1020 2574 penitugfue
1044 2489 1185 2574 pers
1214 2490 1391 2567 effls,
1428 2492 1493 2552 ὅτ.
1513 2495 1578 2554 in

193 2599 371 2640 unum
405 2578 631 2639 exitum
669 2572 1054 2654 speciantibus
1076 2616 1097 2646 ,
1152 2513 1218 2634 ἓ
1261 2593 1581 2654 numquam

158 2697 168 2704 -
190 2657 526 2721 fallentibus
546 2654 724 2717 rebus
745 2655 1143 2730 contineretur
1173 2673 1189 2711 :
1238 2651 1361 2711 haec
1382 2670 1582 2717 autent

187 2743 384 2808 omnia
405 2785 431 2818 ‚
484 2758 624 2822 quae
661 2734 1045 2813 ‚vastarentur
1092 2733 1168 2795 ab
1208 2731 1604 2813 oratoribusj-
