2017 3634
509 224 1273 304 Lleea'lll‘..
1412 242 1551 329 341

165 365 366 428 roque
404 343 572 406 distin
610 365 745 422 uat,
788 346 962 428 quam
989 347 1151 427 quod
1172 346 1270 408 ille
1290 345 1446 408 rudis
1466 350 1563 406 in-

163 428 414 489 condite
465 369 696 500 fungit,
721 430 1030 508 ,quantum
1082 425 1309 507 potest,
1358 428 1422 487 &
1457 427 1559 500 id,

163 508 337 590 quod
375 507 515 569 dicit
540 553 562 580 ,
612 507 851 589 spiritu,
893 525 1184 569 nonam-te
1207 553 1226 581 ‚
1274 508 1565 569 determi-

165 608 273 649 nat
309 611 330 661 3
388 605 590 649 orator
636 607 832 650 autem
871 591 951 647 sic
993 589 1171 670 illigat
1213 587 1559 653 sententiam

163 670 370 730 verbis
387 715 408 743 ‚
441 687 505 729 ut
534 689 666 730 eam
686 690 933 731 numero
967 669 1225 749 quodam
1253 671 1560 751 complec-

161 767 366 823 tatur,
408 750 473 810 &
504 748 775 813 adstriRO
794 795 813 823 ‚
839 750 905 810 &
929 748 1142 809 soluto·
1199 748 1350 810 Nam
1496 772 1555 810 m

163 834 359 891 vinxit
393 830 585 907 modis
625 831 689 892 &
722 829 913 892 forma
935 876 954 904 ‚
1000 829 1219 890 relaxat
1261 831 1320 891 δι
1351 831 1388 890 li
1433 847 1556 893 erat

164 913 579 973 immutatione
617 911 837 972 ordinis
857 956 878 985 ,
911 927 976 969 ut
1008 910 1191 971 verba
1223 920 1414 992 neque
1437 911 1560 970 alli·

165 1009 308 1074 gata
349 994 463 1051 sint
545 995 664 1053 uasi
702 992 861 1054 certa
904 991 1099 1073 aliqua
1132 990 1265 1072 lege
1309 990 1552 1066 versus,
1615 1018 1621 1033 ⁴

166 1093 245 1134 ne
291 1092 367 1133 ue
395 1075 473 1131 ita
496 1012 680 1133 Hiluta
703 1117 725 1146 ‚
764 1090 827 1132 ut
852 1088 1156 1153 vagentur.

324 1151 461 1213 LV.
585 1174 801 1215 nonam
861 1155 1033 1234 igitur
1081 1151 1267 1213 modo
1326 1168 1554 1214 tantum

165 1255 387 1295 munus
423 1234 528 1292 insi
580 1254 741 1296 emus
760 1279 779 1307 ‚
822 1252 884 1292 ut
904 1234 1248 1293 arbitremur
1273 1253 1383 1294 nos
1409 1233 1555 1295 hanc

170 1318 299 1375 vim
351 1316 668 1375 numerose
727 1313 958 1373 dicendi
1016 1312 1289 1394 consequi
1345 1313 1553 1394 posse?

169 1393 320 1458 Non
356 1393 439 1457 est
474 1416 564 1455 res
599 1413 718 1455 tam
756 1392 1034 1467 difficilis,
1084 1394 1259 1475 quam
1292 1393 1555 1455 necess'a-

169 1479 300 1537 ria:
355 1476 496 1536 nihil
544 1474 627 1537 est
655 1479 809 1537 enim
857 1478 980 1535 'tam
1010 1493 1319 1547 tenerum,
1359 1495 1552 1556 neque

168 1573 293 1618 tam
320 1556 577 1619 flexibile
600 1601 620 1631 ‚
669 1576 858 1638 neque
900 1554 1062 1636 quod
1092 1572 1214 1615 tam
1254 1552 1422 1615 facile
1454 1555 1551 1616 se·-

171 1654 414 1719 quatur‚
482 1658 811 1718 uocumque
831 1636 1003 1696 ducas
1018 1681 1037 1709 ‚
1064 1634 1241 1716 quam
1261 1638 1471 1695 oratic.

183 1773 187 1777 .
260 1736 397 1794 177.
442 1658 530 1777 {x
560 1717 667 1777 hac
694 1716 890 1781 versus
917 1761 936 1791 ‚
974 1736 1047 1775 ex
1067 1715 1277 1776 eadem
1299 1714 1549 1796 dispares

167 1804 397 1860 numeri
423 1796 844 1860 conficiuntur:
883 1819 955 1858 ex
977 1796 1086 1859 hac
1118 1796 1241 1859 haec
1263 1798 1439 1857 etiarn
1459 1795 1555 1857 so·

166 1879 289 1941 luta
327 1881 501 1940 variis
534 1880 725 1939 modis
751 1923 771 1951 ‚
804 1879 1239 1959 multorumque
1272 1896 1550 1959 generum

167 1962 382 2022 oratio.
447 1958 587 2020 Non
616 1962 770 2021 enim
792 1957 919 2019 sunt
949 1957 1056 2018 alia
1083 1957 1364 2019 sermonis
1385 2003 1405 2031 ‚
1439 1959 1546 2021 alia

165 2042 560 2105 contentionis
591 2041 812 2103 verba:
856 2060 1048 2121 neque
1073 2060 1144 2101 ex
1181 2040 1295 2101 alio
1364 2060 1543 2103 enere

167 2122 240 2181 ad
289 2121 455 2185 usum
512 2121 909 2203 quotidianum
931 2165 950 2195 ‚
1020 2120 1134 2181 alio
1192 2121 1267 2180 ad
1336 2142 1543 2183 cenam

164 2223 568 2292 pompamque
603 2200 935 2267 sumuntur:
981 2199 1083 2264 sed
1123 2220 1194 2262 ea
1224 2221 1333 2263 nos
1362 2222 1547 2282 quum

162 2285 417 2363 jacentia
438 2281 753 2343 sustulimus
792 2303 827 2341 e
862 2280 1101 2351 medie,
1141 2283 1285 2338 sicut
1322 2282 1543 2341 mollis-

167 2366 376 2427 simam
406 2383 598 2425 ceram
619 2409 637 2435 ‚
683 2363 757 2423 ad
795 2359 1053 2425 nostrum
1090 2360 1382 2421 arbitrium
1413 2359 1546 2422 for-

164 2465 392 2504 mamus
414 2445 477 2503 &
496 2442 781 2524 fingimus,
842 2441 1044 2523 Itaque
1070 2456 1194 2499 tum
1219 2460 1422 2523 graves
1445 2441 1544 2504 su-

165 2546 331 2598 mus,
366 2542 491 2584 tum
507 2521 739 2585 subtiles
761 2568 780 2596 .‚
810 2540 940 2582 tum
971 2521 1230 2584 medium
1263 2522 1536 2603 quiddam

162 2620 484 2668 tenemus:
534 2608 614 2667 sic
654 2603 962 2665 institutam
1002 2601 1255 2663 nostram
1304 2602 1542 2665 senten-

162 2688 304 2749 tiam
338 2684 587 2767 sequitur
635 2686 916 2746 orationis
967 2703 1192 2766 genus;
1248 2682 1422 2763 idque
1463 2684 1538 2747 ad

165 2785 411 2843 omnem
437 2769 724 2833 rationem
740 2811 764 2842 ,
803 2765 868 2832 δι
893 2767 1116 2829 aurium
1142 2763 1539 2908 {ol-utptatemf

1237 2866 1294 2926 ιι]
