2017 3634
24 620 57 809 Ὗ

44 276 73 583 Ψ-Ι--ιιι-...μ

519 313 684 387 ε268
832 310 988 380 ΒΕ
1065 307 1614 380 OnAroRE

524 426 688 488 sensu
727 424 808 488 sic
849 425 962 488 esse
998 443 1125 487 turn
1162 424 1482 505 judicatum
1518 472 1540 502 ,
1597 444 1821 491 ceteros
1852 451 1882 492 a

529 507 731 569 Craffo
750 509 868 570 sem
916 526 979 568 er
1001 528 1208 569 omnes
1224 551 1244 582 ‚
1270 508 1371 568 illo
1396 526 1590 569 autem
1609 510 1707 570 die
1724 513 1882 572 etiam

520 588 705 668 ipsum
738 613 771 651 a
800 589 855 650 se
881 610 915 650 e
942 587 1290 671 superatum.
1349 587 1709 670 Deploravit
1739 595 1882 653 enim

522 667 715 731 casum
740 688 912 753 atque
942 671 1251 731 orbitatem
1275 667 1502 730 senatus
1532 692 1553 744 3
1600 670 1761 750 cujus
1794 695 1884 735 or-

518 750 670 812 dinis
708 775 741 812 a
778 750 1044 826 consule,
1123 753 1180 810 ui
1218 751 1379 832 quasi
1418 772 1627 832 parens
1662 754 1882 830 bonus,

513 851 616 891 aut
638 850 795 896 tutor
824 833 1008 894 fidelis
1036 772 1147 892 effe
1171 831 1411 891 deberet
1428 878 1447 907 ,
1486 849 1783 915 tamquam
1812 836 1881 896 ab

515 914 712 995 aliquo
751 914 976 975 nefario
1014 912 1293 993 praedone
1336 912 1675 994 diriperetur
1716 920 1886 997 patri-

510 998 780 1055 monium
822 995 1109 1077 dignitatis
1148 1013 1163 1051 t
1211 1012 1404 1074 neque
1441 996 1589 1055 verb
1626 995 1742 1056 esse
1775 999 1884 1058 mi-

506 1075 757 1136 randum
776 1121 799 1147 ,
829 1078 910 1146 si,
940 1094 1119 1155 quum
1149 1071 1257 1133 suis
1286 1075 1537 1134 consiliis
1565 1079 1881 1158 rempubli—

502 1166 642 1215 'cam
665 1153 1045 1240 profligaffet,
1072 1155 1378 1216 consilium
1402 1153 1628 1217 senatus
1654 1180 1687 1218 a
1714 1179 1883 1242 repu-

505 1235 661 1298 blica
693 1238 1043 1337 repudiaret.

589 1340 651 1393 4.
693 1319 810 1380 Hic
832 1339 1010 1401 quum
1051 1316 1275 1377 homini
1310 1318 1741 1381 &vehementi
1762 1366 1781 1395 ,
1816 1321 1881 1384 δε.

502 1399 723 1462 diserto
743 1446 761 1475 ‚
805 1400 870 1461 δι
904 1401 964 1459 in
991 1399 1191 1480 primis
1217 1396 1355 1458 forti
1372 1399 1447 1458 ad
1470 1398 1879 1477 resistendum,

507 1479 778 1565 Philippo
801 1528 819 1557 ‚
868 1482 1031 1563 quasi
1068 1477 1340 1561 quasdam
1374 1480 1691 1542 verborum
1725 1481 1879 1544 faces

496 1561 852 1637 ‘admovisset
889 1605 908 1636 ,
954 1583 1077 1621 non
1123 1560 1253 1620 tulit
1298 1560 1395 1620 ille
1432 1606 1451 1635 ,
1515 1562 1580 1621 &
1665 1566 1877 1625 raviter

490 1646 716 1704 'exarsit
735 1689 762 1722 ‚w
791 1639 1237 1726 pignoribusque
1266 1639 1465 1701 ablatis
1490 1583 1751 1703 Craffum
1790 1647 1879 1705 in-

499 1722 677 1784 stituit
695 1728 988 1786 coiircere.
1043 1721 1191 1801 Quo
1226 1721 1462 1803 quidem
1494 1725 1511 1782 i
1556 1721 1622 1783 so
1652 1726 1713 1782 in
1732 1725 1876 1786 loco

497 1805 683 1866 multa
709 1828 743 1866 a
763 1802 964 1865 Crass'o
990 1803 1260 1864 divinitus
1283 1801 1431 1862 dicta
1454 1823 1486 1864 e
1567 1804 1878 1881 rebantur,

539 1907 679 1947 uum
702 1887 808 1946 sibi
826 1885 991 1945 illum
1009 1882 1304 1946 consulem
1324 1881 1437 1945 effe
1460 1902 1703 1967 negaret
1722 1931 1741 1960 ,
1783 1890 1877 1948 cui

490 1907 726 2028 penator
751 1964 868 2049 ipse
893 1987 1015 2026 non
1041 1962 1200 2026 esset.
1238 1967 1340 2025 An
1360 1984 1457 2037 tu,
1484 1986 1643 2046 quam
1662 1990 1874 2028 omnem

494 2051 866 2113 auHoritatem
893 2049 1137 2110 universi
1154 2048 1367 2107 ordinis
1386 2068 1490 2133 pro
1506 2050 1734 2130 pignore
1753 2071 1878 2130 pu·-

493 2133 633 2190 taris
656 2177 674 2204 ‚
725 2151 945 2210 eamque
979 2131 1039 2188 in
1073 2126 1347 2207 conspeetu
1377 2130 1579 2209 populi
1621 2133 1877 2191 Romani

494 2214 798 2273 concideris
813 2232 842 2283 ,·
880 2232 960 2269 me
983 2211 1072 2271 his
1087 2207 1406 2289 pignoribus
1427 2211 1700 2290 existimas
1715 2209 1878 2291 poffi

492 2295 678 2353 terreri
709 2296 744 2353 ?
800 2294 938 2353 Non
985 2289 1087 2350 tibi
1128 2290 1237 2348 illa
1267 2287 1403 2367 [ἔκηε
1455 2293 1715 2350 coedemda
1746 2336 1771 2363 ,
1818 2292 1878 2351 si

489 2373 732 2453 Craffizm
754 2376 842 2434 vis
864 2378 1099 2433 cob'rcere
1124 2391 1143 2429 .·
1181 2370 1293 2428 haec
1322 2369 1427 2428 tihi
1453 2373 1524 2451 est
1553 2373 1875 2432 excidenda

488 2457 679 2534 lingua
689 2476 717 2527 3
736 2453 848 2533 qud
867 2453 961 2513 vel
979 2450 1178 2511 evulsa*
1189 2449 1424 2529 ,spiriac
1440 2450 1558 2534 ipfi»
1577 2452 1876 2515 libidinem

482 2548 636 2600 ‘tuam
663 2537 887 2596 libertas
913 2529 1329 2610 mea‘refictabit.

482 2616 493 2627 ’
565 2618 641 2682 Π.
682 2613 973 2681 Permulta
1008 2628 1135 2672 tum
1169 2611 1685 2674 vehementissima
1719 2634 1877 2675 con-

481 2705 748 2763 tentione
789 2697 999 2768 animi,
1047 2694 1262 2775 ingenii
1286 2737 1305 2766 ‚
1350 2694 1560 2753 virium
1583 2737 1603 2767 ,
1660 2693 1737 2753 ab
1782 2715 1877 2757 eo

478 2784 633 2844 'dista
670 2779 783 2841 effe
818 2773 1154 2847 constabat3
1189 2772 1645 2852 sententiamque
1679 2795 1827 2834 eam
1853 2821 1880 2851 ‚

476 2870 657 2947 ffquam
679 2860 904 2923 senatus
922 2854 1197 2939 frequens
1214 2852 1436 2917 secutus
1453 2849 1539 2921 est
1555 2896 1576 2930 ,
1614 2857 1888 2918 ornatis-
