2017 3634
499 247 1171 337 LtnEnIJ.
1385 274 1536 351 225

160 425 171 433 ,
228 361 380 442 267.
423 360 620 425 Etiam
656 364 753 426 illa
778 411 801 441 ,
854 386 981 448 quae
1030 366 1332 430 minuendi
1360 415 1383 445 ,
1440 388 1541 434 aut

147 444 412 529 augendi
449 445 621 505 causa
654 446 731 506 ad
765 449 1166 512 incredibilem
1197 450 1538 515 admiratio·

144 547 287 587 nem
313 523 674 590 efferuntur:
707 528 871 590 velut
900 545 962 590 tu
981 575 1002 605 ‚
1040 529 1237 593 Crasse
1256 578 1276 607 ‚
1311 535 1369 593 in
1388 555 1557 597 con-.

141 609 324 669 tione
348 653 372 682 ‚
401 609 482 667 ita
507 608 614 668 sibi
628 606 813 689 ipsum
835 631 1111 693 magnum
1130 613 1317 675 videri
1339 614 1537 677 Mem-

140 692 333 749 mium
352 733 374 762 ,
409 707 469 748 ut
493 691 552 748 in
564 687 751 768 fhrum
770 690 1094 769 descendens
1112 713 1280 774 caput
1298 699 1378 755 ad
1391 701 1535 758 For·
1576 763 1584 769 ,

139 772 322 830 uicem
339 769 517 832 Fabii
536 772 851 831 demitteret.
880 769 969 830 Ex
986 793 1104 854 quo
1167 793 1341 836 enere
1358 779 1538 840 etiam

139 848 284 910 illud
330 846 421 911 est
444 895 463 925 ,
502 849 665 931 quod
704 849 900 933 Scipio
932 853 1091 934 apud
1179 859 1494 918 umantiam
1515 850 1550 933 ,¹

143 952 331 1014 quum
362 916 817 994 stomacffaretur
843 954 974 993 cum
1003 931 1080 996 C.
1116 933 1372 998 Metello
1394 983 1412 1012 ‚
1453 939 1541 999 di-

145 1010 285 1083 xiss‘e
309 1011 525 1072 dicitur
542 1058 562 1087 ‚
598 1015 666 1074 Si
683 1014 933 1094 quinticm
949 1036 1174 1098 pareret
1184 1037 1356 1080 mater
1373 1017 1493 1101 ejus
1507 1028 1560 1094 ,⁸

145 1097 376 1155 asinum
382 1090 553 1173 fiaffi
563 1097 896 1176 parituram.

230 1173 379 1236 268.
409 1175 500 1234 Ar
576 1192 635 1235 ta
656 1178 828 1237 etiam
843 1176 1181 1261 significatio
1203 1177 1320 1256 est,
1428 1205 1532 1246 um

147 1255 335 1343 parv&
355 1275 425 1318 re
446 1301 466 1330 ‚
596 1254 746 1338 saepe
764 1260 952 1320 verbo
978 1280 1070 1321 res
1093 1259 1331 1323 obscura
1440 1265 1538 1326 la-

149 1355 277 1399 tens
318 1336 630 1397 illustratur
661 1358 676 1397 τ
723 1355 790 1400 ut
829 1361 1008 1422 quum
1053 1338 1131 1406 C.
1171 1341 1436 1408 Fabricio
1463 1344 1540 1408 P.

151 1417 475 1480 Cornelius
492 1464 513 1492 ,
544 1418 729 1480 homo
744 1465 766 1492 ,
795 1437 861 1480 ut
886 1419 1310 1483 existimabatur
1329 1469 1348 1498 ,
1386 1447 1537 1486 ava-

152 1508 246 1561 rus
291 1501 363 1561 &
396 1498 558 1560 furax
580 1544 601 1574 ‚
638 1497 740 1561 sed
765 1501 999 1584 egregie
1038 1500 1204 1562 fortis
1245 1504 1311 1564 &
1344 1503 1550 1583 bonus

154 1582 517 1664 imperator,
553 1583 758 1664 gratias
786 1599 1028 1664 ageret,
1070 1582 1233 1665 quod
1254 1583 1314 1645 se
1347 1584 1537 1648 homo

154 1664 424 1723 inimicus
451 1659 746 1723 consulem
764 1661 1016 1738 fecisset,
1035 1662 1196 1726 bello
1221 1665 1543 1748 praesertim

155 1765 379 1827 magno
413 1743 480 1804 &
506 1742 710 1840 gravi;
750 1745 923 1805 Mhi!
945 1747 1054 1826 est,
1083 1751 1217 1829 qud·
1238 1750 1371 1809 mihi
1401 1772 1537 1832 gra-

158 1828 270 1887 tias
293 1847 439 1908 agas
454 1868 476 1897 ‚
507 1848 524 1885 ι
607 1827 691 1884 uit
707 1868 729 1899 ‚
760 1827 813 1886 si
832 1827 1006 1886 malui
1026 1849 1142 1888 com
1181 1829 1347 1901 ilari,
1370 1832 1535 1909 qudm

157 1908 366 1968 venire.
414 1905 502 1966 Ut
521 1845 725 1966 fflello
760 1903 1067 1969 Africanus
1087 1931 1125 1970 o
1168 1906 1387 1990 jicienti
1414 1912 1539 1972 lus·-

160 2005 315 2048 trum
342 1985 491 2047 illud
509 1984 743 2060 infelix,
768 1989 946 2060 Noli,
980 1991 1205 2084 inquit,
1232 1993 1420 2052 mirari
1437 2016 1456 2053 .·
1483 1997 1537 2054 is

164 2072 305 2141 ‚enin
325 2113 347 2143 ,
378 2069 548 2148 quite
566 2091 639 2128 ex
659 2070 868 2129 ae'rariis
892 2090 1088 2130 exemct
1111 2117 1131 2146 ‚
1162 2073 1375 2154 lustrum
1410 2096 1542 2134 con-

164 2152 310 2211 didit
329 2195 357 2222 ,
403 2148 470 2210 &
508 2166 725 2211 taurum
758 2150 1081 2212 immolavit.
1141 2149 1335 2212 Tanta
1357 2150 1541 2234 suspi-

161 2232 253 2292 cio
283 2228 373 2292 est
394 2275 413 2305 ,
451 2246 517 2290 ut
542 2228 827 2313 religione
858 2231 1154 2290 civitatem
1187 2229 1539 2296 obstrinxiss'e

161 2311 436 2387 ‚videatur
479 2309 802 2372 Mummius
820 2355 845 2386 ‚
878 2309 1041 2391 quod
1066 2308 1330 2374 Asellum
1360 2315 1549 2397 igno-f

163 2393 344 2455 minist
377 2392 607 2455 levarit.
710 2446 715 2451 .

168 2530 175 2537 .
240 2472 499 2535 LXVII.
533 2472 779 2534 Urbana
809 2472 990 2537 etiam
1019 2470 1401 2537 dissimusatio
1423 2472 1550 2552 est,

165 2557 352 2637 quum
374 2553 485 2615 alia
511 2553 774 2616 dicuntur
799 2578 867 2616 ac
883 2554 1089 2617 sentias
1110 2576 1131 2629 3
1155 2576 1280 2618 non
1306 2558 1407 2619 illo
1437 2580 1556 2641 ge-

166 2656 310 2697 nere
329 2681 349 2710 ,
388 2635 466 2695 de
502 2656 624 2716 quo
663 2637 797 2696 ante
840 2635 1001 2707 dixi,
1040 2656 1220 2716 quum
1257 2642 1552 2699 contraria.

168 2717 367 2792 dicaS,
400 2731 467 2775 ut
494 2714 711 2778 Lamiae
747 2714 1022 2789 Craffus3
1060 2714 1160 2776 sed
1203 2737 1380 2797 quum
1410 2734 1551 2778 toto

166 2818 387 2889 genere
415 2799 696 2862 orationis
720 2797 925 2864 severe
950 2795 1361 2943 ludaskzuum
1387 2797 1564 2860 aliter:-
