2017 3634
548 260 699 338 225>
858 262 1019 333 DE
1075 240 1298 331 ORVA
1336 248 1625 332 1‘011'2:

541 402 678 443 eum
707 406 724 441 1
768 381 890 441 sum
925 377 1181 461 aliquid,
1216 381 1315 461 qui
1344 379 1667 456 lacessivit,
1708 381 1898 466 infligi·

539 480 650 523 tur.
746 462 821 523 ed
851 482 1030 544 quum
1055 459 1219 541 plura
1248 461 1362 524 sint
1390 461 1646 544 ambigui
1708 485 1899 539 enen,

537 542 614 604 de
658 544 863 625 quibus
905 538 985 602 est
1028 540 1288 600 dORrina
1323 541 1591 623 quaedam
1621 542 1655 603 s
1723 547 1897 620 tilior,

534 624 840 686 attendere
867 624 931 684 &
955 623 1225 704 aucupari
1256 623 1443 683 verba
1477 626 1811 705 oportebit:
1847 629 1897 686 in
1957 669 1963 676 -

535 724 656 787 quo
679 750 699 780 ‚
731 724 797 764 ut
830 725 900 765 ea
921 749 941 778 ‚
978 723 1107 785 quae
1140 704 1251 761 sint
1282 700 1579 786 frigidiora
1601 749 1620 778 ‚
1663 710 1900 768 vitemus

533 788 782 863 (etenim
808 785 1139 849 cavendum
1166 780 1249 843 est
1272 828 1291 856 ‚
1326 803 1403 844 ne
1435 788 1766 846 arcessitum
1790 788 1904 848 dic·

532 883 662 927 tum
702 864 982 948 putetur)
1038 863 1330 947 permulta
1367 881 1567 927 tamen
1612 869 1779 928 acute
1817 869 1905 929 di-

537 968 761 1010 cemus.

620 1028 760 1109 256.
803 1025 1073 1088 Alterum
1120 1043 1304 1106 genus
1342 1023 1424 1086 est
1463 1070 1484 1100 ,
1534 1026 1698 1109 quod
1736 1027 1907 1091 habet

534 1128 779 1191 parvam
792 1107 978 1168 verbi
1006 1107 1477 1168 immutationem
1492 1152 1512 1182 ‚
1544 1109 1707 1189 quod
1731 1112 1791 1169 in
1809 1111 1906 1173 lit-

533 1205 659 1252 tera
684 1190 942 1270 positum
965 1231 984 1260 ‚
1018 1184 1213 1247 Graeci
1241 1206 1459 1249 vocant
1485 1192 1910 1270 παρονομασία,

533 1287 599 1331 ut
640 1270 982 1332 Nobiliorem
1007 1312 1027 1341 ,
1087 1268 1419 1329 mobiliorem
1465 1266 1665 1343 Cat03
1714 1286 1814 1330 aut
1848 1289 1907 1332 ut

533 1351 732 1424 idem,
777 1371 957 1434 quum
992 1347 1223 1408 cuidam
1261 1347 1484 1410 dixiss'et
1514 1393 1534 1422 ‚
1575 1351 1793 1411 Eamus
1824 1355 1909 1411 de-

534 1434 873 1494 ambulatum
907 1454 927 1493 .·
982 1429 1051 1490 &
1085 1429 1223 1504 ille,
1262 1432 1423 1511 Quid
1459 1452 1597 1510 opus
1614 1428 1738 1509 ficit
1783 1432 1907 1493 DE?

528 1517 706 1577 Immo
741 1515 907 1583 veto,
947 1512 1168 1591 inquit,
1202 1513 1339 1590 quid
1360 1533 1499 1591 opus
1524 1509 1645 1590 ficit
1681 1511 1778 1572 te?
1820 1532 1908 1574 aut

535 1593 796 1674 ejusdem
827 1591 1128 1674 responsio
1156 1590 1258 1650 'illa
1279 1635 1300 1665 ,
1342 1594 1395 1652 si
1424 1611 1485 1653 tu
1521 1592 1577 1651 6»
1607 1594 1909 1675 adversos,

537 1677 595 1736 δ·
632 1674 856 1755 aversus
885 1673 1199 1755 impudicus
1226 1695 1303 1734 es.
1897 1730 1902 1735 .

616 1773 753 1836 257.
795 1753 1422 1836 Etiaminterpretatio
1446 1752 1698 1814 nominis
1732 1755 1908 1818 habet

528 1856 778 1898 acumen
801 1881 822 1910 ‚
865 1855 1048 1917 quum
1082 1833 1159 1894 ad
1201 1834 1505 1894 ridiculum
1546 1856 1864 1899 convertas
1891 1883 1911 1912 ,

528 1917 918 1999 quamobrem
936 1919 1016 1975 ita
1073 1915 1158 1974 uis
1183 1931 1461 1988 vocetur-3
1484 1931 1547 1974 ut
1565 1935 1682 1998 ego
1704 1939 1910 2000 nuper,

527 1997 873 2063 Nummium
911 1937 1221 2058 divilqorem
1249 2041 1273 2068 ,
1324 2013 1388 2055 ut
1432 1994 1913 2076 Neoptolemum

526 2079 607 2140 'ad
624 2077 907 2160 Troiam,
941 2080 1022 2138 sic
1042 2076 1286 2138 illumin
1305 2098 1516 2159 campo
1545 2077 1776 2141 Martio
1802 2103 1916 2143 no-

529 2181 671 2224 men
694 2156 993 2222 inveniffe.

611 2240 834 2302 LXIV.
877 2239 1076 2321 Atque
1114 2237 1237 2299 haec
1270 2241 1467 2299 omnia
1494 2239 1687 2301 verbo
1716 2243 1920 2302 conti·

524 2339 758 2387 nentur.
811 2320 979 2403 Saepe
1002 2322 1181 2380 etiam
1204 2318 1401 2381 versus
1424 2317 1613 2380 facete
1640 2324 1921 2405 interpo-

526 2407 680 2466 nitur
695 2447 716 2477 ‚
748 2402 853 2471 ,vel
875 2418 939 2460 ut
959 2397 1073 2473 est,
1096 2400 1198 2460 vel
1220 2400 1514 2482 paululum
1533 2403 1885 2464 immutatus
1900 2450 1923 2479 ,

523 2500 629 2546 aut
669 2484 857 2563 aliqua
891 2501 1023 2561 pars
1060 2478 1289 2555 versus„
1324 2499 1387 2540 ut
1424 2480 1640 2542 Statius
1678 2482 1918 2546 Scauro

524 2563 953 2636 stomachanti3
996 2579 1071 2621 ex
1113 2582 1233 2642 quo
1277 2559 1405 2622 sunt
1444 2563 1752 2638 nonnulli,
1861 2567 1924 2626 ui

525 2662 686 2707 tuam
727 2645 921 2728 legem
959 2640 1036 2705 de
1074 2644 1310 2705 civitate
1354 2659 1551 2704 natam
1583 2689 1606 2719 ,
1660 2642 1788 2706 Cra
1844 2668 1879 2708 e
1901 2689 1925 2720 ‚

521 2729 758 2788 dicant:

523 2833 611 2894 St,
637 2845 801 2886 tacete
817 2865 835 2887 ,
865 2829 981 2896 quid
1004 2830 1101 2879 hoc
1126 2825 1394 2883 clamoris?
1423 2826 1595 2901 quibus
1616 2844 1709 2882 nec
1725 2842 1928 2890 mater,

816 2919 908 2957 nec
935 2914 1078 2974 pater
1095 2936 1119 2978 ζ
