2017 3634
448 220 559 318 ‚64
754 224 843 298 D
860 246 911 298 E
983 226 1050 297 Ο
1077 244 1130 296 n
1156 243 1213 299 A
1245 240 1296 298 r
1324 245 1376 297 o
1402 243 1455 296 ιι
1482 242 1536 296 ε

436 366 449 375 ·
480 370 485 377 ¹
531 334 771 399 XXXV
776 339 825 401 1.
877 340 1199 404 Enimvero
1236 388 1257 418 ,
1311 345 1499 426 inquit
1551 340 1835 418 Crassus,

436 419 646 479 finit-ari
664 419 793 481 satis
823 440 946 482 non
971 445 1127 506 queo
1148 467 1167 498 ‚
1201 426 1379 484 etiam
1401 443 1461 484 te
1483 423 1606 484 haec
1625 467 1646 499 ,
1665 421 1864 502 Scaeis

433 499 628 573 vola,
661 500 1036 579 desiderare,
1069 526 1200 587 quae
1225 525 1299 565 ne
1380 524 1416 565 e
1450 524 1567 587 ego
1602 513 1833 579 teneo,

449 580 535 638 uti
562 582 643 655 ii,
679 585 778 664 qui
804 584 1063 660 docent3
1102 604 1293 668 neque
1341 602 1445 645 unt
1478 584 1603 664 ejus
1636 605 1836 668 gene-

444 659 565 734 ris,
608 679 710 737 ut,
745 666 792 724 si
819 667 1042 746 optime
1082 683 1388 740 tenerem,
1435 664 1610 748 digna
1643 665 1833 726 effent

432 736 550 800 ista
577 740 633 801 sa
676 746 855 806 ientia
872 791 892 819 ,
913 768 982 808 ac
1012 748 1121 807 tuis
1142 747 1391 809 auribus.
1447 747 1585 806 Ain’
1605 762 1672 806 tu
1691 789 1712 819 ,
1739 748 1835 806 in-

434 823 577 900 fquit
605 763 746 886 ifle?
777 829 827 886 si
865 826 938 888 de
980 826 1093 887 istis
1134 825 1544 889 communibus
1584 826 1650 887 &
1681 847 1834 907 pere

434 904 671 984 vagaris
711 908 808 967 vix
849 907 982 967 huic
1026 911 1178 968 aetati
1215 906 1565 968 audiendum
1611 924 1782 988 putas
1804 952 1831 982 ,

445 984 700 1046 etiamne
737 986 834 1046 illa
875 988 1029 1069 negli
1073 1006 1170 1049 ere
1252 986 1504 1048 oss‘umus
1527 1033 1547 1062 ,
1587 1008 1721 1068 qnae
1759 1005 1828 1048 tn

446 1067 666 1124 oratori
692 1058 1020 1149 cognescen
1065 1090 1099 1128 a
1124 1089 1157 1129 e
1203 1066 1443 1130 edixisti
1460 1114 1480 1143 ,
1513 1068 1589 1129 de
1608 1071 1828 1129 naturis

430 1140 751 1207 [hominum
770 1191 790 1220 ‚
830 1148 906 1209 de
927 1148 1192 1210 moribus
1211 1195 1231 1224 ,
1270 1150 1346 1211 de
1377 1149 1690 1210 rationibus
1715 1152 1825 1226 iis,

434 1272 440 1277 .
487 1224 652 1286 uibus
693 1227 997 1289 hominum
1032 1247 1257 1291 mentes
1298 1231 1365 1291 &
1402 1232 1778 1292 incitarentur
1800 1277 1826 1305 ,

430 1242 513 1365 ἓ(
530 1308 1015 1387 reprimerentur,
1051 1311 1127 1371 de
1154 1309 1386 1371 historia
1408 1356 1428 1385 ‚
1471 1311 1547 1371 de
1574 1314 1828 1393 antiqui·
1899 1342 1904 1345 -

443 1399 568 1446 tate
588 1430 609 1460 ,
648 1387 724 1449 de
751 1389 1241 1453 administratione
1265 1390 1625 1472 reipublicae‚
1654 1392 1826 1454 deni-

441 1484 560 1546 que
584 1466 659 1529 de
691 1469 890 1531 nostro
911 1470 1037 1552 ipso
1065 1470 1191 1550 jure
1216 1473 1370 1532 civili
1394 1471 1418 1531 ἓ
1460 1472 1632 1533 Hanc
1659 1476 1822 1533 enim

442 1563 565 1628 ego
610 1571 852 1613 omnem
881 1551 1212 1626 scientiam,
1252 1553 1318 1613 &
1353 1555 1586 1633 copiam
1622 1572 1823 1615 rerum

440 1626 507 1687 in
532 1643 631 1689 tua
697 1632 962 1694 rudentia
990 1633 1248 1695 sciebam
1273 1631 1449 1694 ineffe
1478 1655 1495 1694 ι
1536 1637 1596 1693 in
1622 1653 1828 1696 orato-

438 1707 517 1765 ris
547 1728 654 1769 ver
711 1710 1095 1775 instrumento
1113 1731 1235 1775 tam
1254 1713 1467 1775 lautam
1483 1714 1820 1797 supelleffi-

440 1783 563 1847 lem
579 1809 895 1874 numquam
913 1794 1200 1856 videram.

530 1868 662 1932 166.
690 1870 868 1935 Potes
890 1877 1094 1959 igitur,
1120 1878 1304 1959 inquit
1331 1874 1562 1938 Crassus
1594 1883 1687 1953 (ut
1706 1878 1817 1938 alia

434 1950 708 2012 omittam
726 1955 1164 2018 innumerabilia
1180 2003 1200 2033 ,
1228 1956 1588 2019 &immensa
1603 2002 1622 2031 ‚
1652 1959 1718 2018 δι
1741 1960 1818 2021 ad

435 2027 624 2111 ipsum
646 2050 808 2096 tuum
828 2034 917 2114 jus
936 2039 1109 2101 civile
1128 2040 1394 2111 veniam)
1422 2057 1686 2100 oratores
1703 2061 1819 2120 pu-

437 2124 564 2173 tare
593 2133 698 2177 eos
720 2160 741 2190 ,
777 2139 927 2198 quos
963 2120 1174 2180 multas
1209 2118 1381 2179 horas
1418 2118 1773 2201 exspetstavit
1791 2167 1813 2196 ,

430 2211 617 2332 auum
641 2197 703 2255 in
727 2218 994 2278 campum
1017 2219 1395 2280 properaret,
1427 2200 1492 2260 &
1518 2199 1716 2261 ridens
1749 2203 1814 2263 &

487 2276 801 2337 amachans
828 2277 1128 2355 Scaevola,
1159 2301 1339 2362 quum
1366 2281 1426 2340 H
1516 2280 1641 2342 seus
1675 2301 1810 2341 ma·-

431 2353 591 2415 xima
625 2378 816 2432 voce,
859 2360 1118 2441 plurimis
1160 2361 1354 2422 verbis
1391 2301 1555 2422 aygl-
1601 2358 1808 2422 Crass‘o

428 2451 685 2513 praetore
707 2440 1133 2513 contenderet,
1169 2457 1234 2500 ut
1263 2444 1353 2513 ei,
1397 2440 1808 2524 quern‘defen-

429 2513 614 2577 debat
633 2561 654 2587 ‚
695 2517 855 2580 cauffi
895 2521 1105 2588 cadere
1146 2520 1346 2582 liceret
1379 2542 1395 2580 ε
1446 2519 1562 2582 Cn.
1608 2538 1808 2584 autem

428 2590 717 2657 Ostavius
747 2643 767 2672 ‚
813 2599 996 2660 homo
1042 2600 1349 2665 consularis
1376 2648 1398 2677 ,
1452 2623 1576 2665 non
1614 2605 1806 2663 minin

423 2670 536 2735 lon
579 2676 612 2737 a
650 2681 915 2744 oratione
956 2682 1283 2759 recusaret,
1330 2703 1406 2746 ne
1449 2680 1804 2744 adversarius

425 2774 532 2837 ‚⁶²¹¹
617 2760 891 2841 caderet,
921 2785 989 2831 ac
1021 2786 1098 2831 ne
1132 2768 1223 2839 is,
1259 2785 1371 2850 pro
1408 2783 1535 2848 quo
1554 2761 1685 2847 ipse·
1704 2763 1808 2835 dni-„-
