2017 3634
505 233 663 323 '352
812 225 972 294 DE
1022 225 1574 296 OnAronss

561 361 730 403 ‹wo-
767 341 927 403 Tum
954 342 1206 425 denique
1234 340 1403 402 nobis
1428 340 1523 402 hic
1559 353 1761 399 orator
1791 336 1865 398 ita

499 423 958 493 ‚conformandus
991 421 1074 484 est
1110 425 1176 483 δι
1200 422 1395 484 verbis
1429 422 1496 482 &
1537 418 1864 493 sententiis,

504 520 606 577 ut,
648 504 1148 644 fflemadmodum
1185 505 1286 585 qui
1315 519 1552 562 utuntur
1589 502 1762 561 armis
1779 516 1867 559 aut

499 585 648 666 palae
727 586 760 644 a
780 630 800 659 ,
836 606 958 646 non
989 583 1178 646 solum
1208 583 1316 644 sibi
1349 581 1617 654 vitandi,
1653 597 1752 642 aut
1782 578 1870 641 fe-

502 665 690 726 riendi
711 668 1000 727 rationem
1019 663 1132 726 esse
1159 664 1487 742 habendam
1508 679 1715 744 putant
1731 706 1751 737 ‚
1777 659 1869 721 sed

503 748 683 807 etiam
703 792 724 822 ,
761 763 826 808 ut
864 762 996 807 cum
1026 743 1329 808 venustate
1363 760 1756 806 moveantur:
1797 744 1870 800 sic

506 828 704 888 verbis
745 828 982 909 quidem
1023 826 1099 887 ad
1142 842 1339 908 aptam
1382 826 1869 906 compositionem

511 907 583 968 &
611 909 977 983 decentiam,
1012 907 1304 968 sententiis
1335 907 1482 967 verb
1517 905 1594 965 ad
1627 906 1871 987 gravita-

506 1002 632 1049 tem
665 991 940 1049 orationis
971 1006 1164 1049 utatur
1187 1034 1209 1063 ‚
1243 1004 1307 1047 ut
1339 989 1417 1062 ii,
1460 988 1562 1068 qui
1593 987 1655 1045 in
1688 1005 1867 1046 armo-

505 1089 638 1131 rum
674 1068 1014 1130 trassatione
1036 1068 1355 1130 versantur·

505 1202 510 1207 .
596 1168 734 1211 201.
774 1150 1120 1212 Formantur
1146 1167 1342 1210 autem
1368 1148 1433 1209 &
1455 1144 1643 1209 verba
1674 1147 1738 1208 δι
1759 1145 1870 1208 sen·

506 1233 704 1310 ‚tentiae
724 1251 877 1312 pene
903 1230 1351 1292 innumerabiles
1372 1250 1392 1302 3
1418 1228 1581 1310 quod
1608 1225 1737 1289 satis
1764 1226 1871 1287 scio

509 1328 721 1375 notum
744 1310 858 1374 effe
896 1312 1103 1373 vobis:
1144 1310 1244 1372 sed
1280 1313 1430 1381 inter
1459 1308 1871 1370 conformatio·

503 1412 649 1457 nem
676 1394 998 1467 verborum
1030 1392 1096 1453 ὃς
1122 1390 1527 1453 sententiarum
1556 1391 1676 1450 hoc
1708 1393 1871 1449 inter·-

499 1470 598 1540 zest
618 1518 638 1548 ‚
667 1474 830 1556 quod
852 1473 1168 1536 verborum
1194 1473 1415 1533 tollitur
1432 1516 1453 1547 ,
1487 1474 1535 1532 si
1554 1470 1737 1533 verba
1757 1490 1869 1530 mu-

507 1556 648 1614 taris
663 1574 683 1628 ;
718 1554 1128 1616 sententiarum
1154 1570 1459 1635 permanet
1479 1597 1498 1627 ‚
1526 1550 1871 1634 quibuscum·

512 1654 630 1716 que
672 1636 876 1695 verbis
906 1638 989 1696 uti
1026 1634 1191 1695 velis.
1262 1633 1453 1713 Quod
1492 1632 1735 1714 quidem
1774 1650 1868 1692 vos

504 1716 623 1793 ptsi
649 1714 874 1790 facitisq
904 1732 1104 1777 tamen
1142 1713 1551 1775 admonendos
1583 1731 1770 1794 puto,
1801 1730 1867 1771 ne

513 1795 655 1936 guid
687 1794 800 1857 effe
834 1796 984 1857 aliud
999 1797 1254 1873 ⁸oratoris
1287 1796 1500 1876 putetis
1520 1839 1539 1868 ,
1570 1793 1737 1876 quod
1759 1793 1869 1874 qui·

505 1936 520 1947 ,
558 1896 652 1937 em
686 1879 759 1937 sit
800 1880 1099 1960 egregium
1131 1892 1303 1958 atque
1337 1875 1599 1936 mirabile
1623 1920 1645 1950 ‚
1684 1876 1789 1935 nisi
1816 1874 1866 1931 in

507 1957 747 2038 ,singulis
781 1958 978 2018 verbis
1013 1958 1108 2017 illa
1153 1960 1262 2017 tria
1302 1974 1504 2018 tenere
1528 2000 1548 2030 ‚
1594 1973 1660 2016 ut
1699 1972 1871 2016 trans-

507 2037 637 2107 latis
667 2054 894 2099 utamur
925 2037 1256 2120 frequenter
1274 2082 1294 2113 ‚
1333 2034 1741 2118 interdumque
1762 2034 1873 2094 fac-

512 2119 585 2177 tis
608 2163 628 2192 ‚
665 2119 795 2178 raro
823 2136 1017 2181 autem
1040 2121 1216 2181 etiam
1242 2114 1620 2200 pervetustis:
1668 2120 1726 2177 in
1749 2135 1868 2197 per·

510 2216 688 2280 petua
719 2217 916 2262 autem
951 2204 1253 2275 oratione,
1298 2220 1477 2280 quum
1509 2199 1575 2258 &
1601 2194 1865 2276 conjunc·

512 2281 685 2339 tionis
711 2279 1046 2357 lenitatem,
1067 2282 1132 2342 &
1155 2299 1532 2341 numerorum
1549 2323 1569 2352 ,
1592 2299 1772 2360 quam
1795 2275 1867 2334 di-

511 2361 603 2434 xi,
634 2363 917 2423 tationem
934 2361 1287 2423 tenuerimus
1303 2406 1322 2435 ‚
1357 2378 1483 2422 tum
1504 2357 1588 2421 est
1606 2360 1764 2442 quasi
1788 2358 1865 2416 lu-

509 2441 759 2521 minibus
781 2439 1209 2523 distinguenda,
1236 2442 1298 2502 &
1318 2440 1740 2524 frequentanda
1752 2457 1865 2498 om·

511 2522 600 2583 nis
619 2524 804 2581 oratio
823 2566 843 2593 ‚
860 2521 1270 2583 sententiarum
1287 2540 1461 2604 atque
1483 2521 1815 2583 verborum.

518 2650 528 2680 s
595 2598 750 2661 LIII.
792 2600 944 2662 Natu
996 2603 1063 2664 &
1113 2603 1498 2664 commoratio
1549 2603 1666 2662 una
1715 2604 1770 2661 in
1809 2617 1865 2658 re

513 2682 864 2764 permultum
891 2700 1130 2756 movet,
1162 2684 1225 2745 &
1261 2682 1483 2744 illustris
1512 2682 1867 2765 explanatiO,

510 2782 816 2847 genimque
833 2810 851 2840 ,
886 2768 1043 2848 quasi
1072 2785 1342 2848 gerantur
1367 2811 1388 2843 ,
1428 2763 1529 2829 sub
1551 2761 1869 2846 adspeaum
