2017 3634
498 269 646 338 ΕΙ
697 284 754 340 Β
804 289 857 340 Ε
905 289 958 339 n
1035 271 1207 343 IIL
1401 290 1545 366 321

179 424 193 431 -
217 392 224 399 '
267 388 411 466 13’1.
452 384 597 466 Quo
621 387 864 468 quidem
889 390 1074 470 magis
1098 387 1303 449 dubito
1325 432 1347 462 ‚
1375 389 1560 451 tibine

180 465 312 548 plus
345 467 529 528 laudis
550 514 570 543 ,
596 476 681 529 Yan
716 467 935 530 Graecis
968 470 1413 550 vituperationis
1442 468 1559 531 effe

178 548 556 609 tribuendum
579 547 864 610 statuam:
900 570 1077 631 quum
1097 567 1161 610 tu
1176 596 1198 625 ‚
1234 552 1292 610 in
1313 550 1425 613 alia
1447 551 1558 613 lin-

180 649 296 711 gua
337 651 406 689 ac
447 631 705 690 moribus
755 646 919 690 natus
941 675 961 704 ‚
1022 633 1460 712 occupatissima
1492 634 1554 694 in

178 712 415 771 civitate
458 756 479 785 ,
538 711 638 773 vel
682 713 1041 792 privatorum
1092 715 1342 794 negotiis
1396 733 1552 794 pene

180 792 490 865 omnibus,
517 791 620 852 vel
637 792 802 851 orbis·
817 808 986 852 terrae
1010 795 1453 872 procuratione,
1478 816 1554 857 ac

180 869 392 932 summi
417 920 424 941 ζ
456 875 685 954 imperii
707 872 1168 955 ?,gubernatione
1231 871 1504 934 districtus
1533 916 1556 949 ,

178 966 406 1011 tantam
442 956 568 1013 *vim
600 973 806 1013 rerum.
836 956 1352 1035 cognitionemque
1388 975 1559 1014 com·

181 1033 563 1113 prehenderis
591 1079 610 1108 ‚
646 1048 896 1116 eamque
936 1055 1176 1096 omnem
1217 1056 1349 1095 cum
1387 1033 1513 1116 ejus
1535 1079 1558 1111 ,

218 1116 290 1172 n‘r
313 1115 557 1175 consilio
589 1116 653 1174 ὃ(
677 1119 941 1176 oratione
957 1118 1035 1176 ‘in
1066 1119 1295 1178 civitate
1316 1116 1511 1178 valeat
1532 1159 1553 1192 ,

201 1196 415 1254 cientia
433 1211 611 1276 atque,
622 1199 1033 1260 exercitatione
1053 1196 1279 1258 sociaris
1296 1218 1315 1270 ;
1333 1198 1414 1258 illi
1432 1203 1556 1262 nati

180 1276 239 1334 in
277 1276 484 1335 litteris
519 1320 540 1349 ‚
594 1277 971 1360 ardentesque
1012 1278 1099 1337 his
1137 1277 1331 1338 studiis
1358 1324 1379 1353 ‚
1425 1281 1553 1339 otio

178 1356 332 1416 verb
360 1355 684 1418 diffluentes
700 1402 719 1431 ‚
752 1379 888 1419 non.
908 1358 1093 1419 modo
1117 1360 1261 1419 nihil
1279 1361 1559 1440 acquisie—

181 1439 295 1496 rint
311 1481 333 1510 ,
362 1435 466 1498 sed
491 1457 566 1499 ne
589 1436 848 1511 relictum
869 1440 1143 1521 quidem,
1165 1441 1230 1500 &
1247 1440 1554 1516 traditum,

185 1515 432 1579 &suurn
452 1517 946 1583 conservaverim.
1001 1576 1008 1581 .
1088 1574 1095 1579 ι
1444 1560 1458 1579 ·.

239 1597 555 1663 ‚XXXIIL
598 1598 757 1681 Tum
805 1598 1033 1663 Crass'us
1055 1646 1074 1675 ‚
1120 1599 1261 1663 Non
1301 1601 1361 1662 in
1402 1600 1557 1675 hac}

177 1680 370 1761 inquit
388 1726 418 1753 ,
444 1702 559 1743 una
575 1727 596 1756 ‚
633 1679 844 1743 Catule
861 1727 880 1756 ‚
907 1703 971 1743 re
991 1727 1013 1756 ,
1035 1681 1215 1742 sedin
1243 1682 1364 1749 aliis
1382 1685 1557 1747 etiam

113 1795 117 1799 -
179 1761 579 1842 compluribus
606 1800 625 1837 5
666 1760 1063 1825 distributione
1089 1765 1341 1844 partium
1374 1786 1442 1823 ac
1470 1763 1561 1824 se·

182 1845 525 1922 paratione,
555 1843 982 1925 magnitudines
998 1842 1133 1904 sunt
1160 1846 1365 1904 artium
1393 1843 1577 1903 dimi--

183 1939 372 1983 nutae.-
409 1923 510 1983 An
540 1941 604 1983 tu
637 1922 917 1985 existimas
942 1970 961 1999 ‚
1009 1945 1190 2007 quum
1226 1923 1366 1987 effet
1402 1925 1574 2006 Hip--.

142 2038 147 2043 ·
179 2021 453 2084 ‚poet-ates
485 2004 580 2066 ille
618 2002 780 2065 Cous
805 2051 824 2080 ‚
857 2003 1018 2067 fuisse
1048 2023 1172 2066 tum
1193 2006 1560 2075 alios’medi-

183 2106 289 2145 cos
305 2129 330 2159 ,
351 2088 455 2166 qui
470 2086 688 2146 morbis
702 2087 886 2159 ‚faJios
904 2089 1004 2210 <gui
1021 2087 1389 2159 vuhxeribus,
1409 2087 1555 2148 alios

224 2167 283 2225 ui
323 2166 506 2226 oculis
543 2167 913 2227 mederentur
935 2211 955 2226 .
1000 2187 1142 2229 num
1175 2170 1555 2248 geometriam

175 2186 456 2307 {aclide
484 2264 580 2306 aut
620 2245 977 2307 Archimede
1013 2291 1032 2320 ,
1087 2268 1228 2307 num
1266 2248 1556 2309 ,musicam
1620 2300 1627 2313 ,

171 2324 468 2388 Damone
497 2344 596 2387 aut
628 2325 978 2388 Aristoxeno
997 2372 1018 2401 ,
1050 2348 1192 2387 num
1215 2326 1358 2409 ipsas
1395 2329 1558 2389 litte-

179 2428 274 2468 ras
300 2405 689 2489 Aristophane
724 2407 1210 2472 auncallimacho
1240 2408 1516 2471 traflante
1536 2453 1559 2485 ,

183 2505 307 2548 tam
339 2486 646 2569 discerptas
684 2487 842 2551 fuiffe
863 2535 882 2564 ‚
917 2508 981 2550 ut
1020 2510 1199 2551 nemo
1227 2510 1408 2573 genus
1433 2491 1568 2550 uni.-

180 2567 416 2633 versum
472 2569 958 2653 complecteretur
996 2615 1020 2644 ,
1074 2588 1251 2651 atque
1303 2588 1365 2630 ut
1420 2571 1569 2630 alius.

182 2649 357 2710 aliam
382 2649 494 2709 sibi
519 2669 751 2732 partem
766 2695 784 2726 ‚
810 2653 870 2710 in
890 2672 1003 2732 qua
1021 2650 1379 2722 elaboraret,
1398 2650 1571 2728 sepo-

183 2747 355 2793 net-et
381 2728 405 2790 ἓ
717 2792 726 2795 ,
1068 2776 1073 2781 ·
1418 2770 1439 2793 .‹
1538 2778 1544 2784 .

275 2829 410 2892 133.
451 2810 739 2895 Equidem
769 2812 920 2896 saepe
943 2812 1059 2877 hoc
1085 2809 1280 2953 agdivi
1301 2812 1374 2875 de
1396 2828 1566 2896 patre

1188 2915 1230 2958 v
