2017 3634
599 226 855 309 L111³
906 238 1064 298 [Β
1147 224 1240 303 Ῑ..
1455 238 1575 328 557

162 341 338 406 'euim
377 339 516 405 fere
556 343 734 404 rebus
779 346 971 405 omnis
990 356 997 361 “
1016 342 1251 407 istorum
1292 345 1576 412 artificum

185 424 447 486 doffrina
489 423 753 485 versatur
773 471 793 499 ‚
847 446 1021 506 quam
1064 445 1097 487 e
1142 449 1178 487 o
1214 429 1262 487 si
1296 427 1436 489 nihil
1476 430 1576 490 df·-

184 525 305 565 cam
331 504 625 586 adjuvare
647 551 664 582 ,
692 510 976 567 mentiar:
1035 507 1109 567 ha
1153 524 1212 569 et
1232 511 1391 569 enim
1416 531 1574 592 quae-

179 585 312 646 dam
342 589 518 668 quasi
563 586 1178 649 ad.c0mm0nendum
1226 607 1524 653 oratorem
1544 636 1566 666 ‚

170 668 297 747 qui>
322 666 594 748 quidque
632 667 877 738 referat4
918 668 983 728 δι
1022 670 1139 749 qub
1173 671 1401 731 intuens
1428 717 1452 745 ‚
1488 674 1564 733 ab

154 767 285 890 {gg
319 748 750 830 quodcumque
791 748 900 808 sibi
938 748 1336 830 proposuerit,
1374 755 1564 817 minus

156 866 163 873 ,
284 847 430 889 rret.
768 858 775 863 -

150 952 161 960 -
189 936 203 946 ·
259 909 402 983 146.
451 908 687 969 Verum
741 929 859 992 ego
914 909 1065 971 hanc
1118 912 1242 971 vim
1296 913 1478 975 intelli
1521 935 1562 977 ο

166 985 287 1049 esse
328 994 393 1050 in
427 993 735 1070 praeceptis
762 991 1032 1053 omnibus
1056 1036 1076 1065 ‚
1111 1012 1235 1053 non
1262 1010 1326 1055 ut
1359 1015 1429 1056 ea
1522 1029 1561 1045 -

154 1071 290 1130 -cuti
364 1088 635 1132 oratores
673 1116 692 1144 ,
762 1071 1113 1152 eloquentiae
1161 1073 1394 1137 laudem
1446 1079 1561 1139 sint

162 1149 373 1233 adepti
396 1197 417 1226 ‚
450 1150 554 1212 sed
578 1197 600 1225 ‚
636 1173 764 1233 quae
783 1151 878 1214 sui
899 1152 1108 1234 sponte
1134 1153 1404 1218 homines
1424 1159 1556 1218 elo»-

148 1249 419 1314 quentes
449 1231 751 1304 facerent,
784 1246 857 1294 ea
965 1233 1165 1295 osdam
1194 1236 1553 1314 observasse,

144 1330 351 1396 atque
377 1314 443 1374 id
473 1314 646 1394 egiffe
673 1334 688 1372 ε
734 1314 815 1373 sic
855 1333 889 1374 e
932 1334 966 1376 e
995 1335 1120 1376 non
1153 1317 1554 1399 eloquentiam

158 1415 238 1456 ex
288 1393 540 1454 artificio
564 1437 584 1468 ,
634 1392 736 1454 sed
771 1391 1070 1457 artificium
1099 1416 1175 1457 ex
1216 1398 1555 1480 eloquentia

154 1492 412 1549 natum3
453 1475 620 1556 quod
654 1494 894 1547 tamen,
931 1492 996 1535 ut
1047 1478 1183 1537 ante
1215 1478 1379 1550 dixi,
1428 1499 1555 1538 non

148 1555 342 1634 ejicio
379 1578 397 1616 z
437 1554 526 1616 est
559 1558 714 1616 enim
735 1601 755 1630 ‚
797 1556 1025 1616 etiamsi
1062 1557 1249 1615 minus
1294 1556 1558 1617 necessa·-

150 1641 314 1699 rium
338 1636 419 1697 ad
435 1636 592 1697 bene
613 1636 925 1697 dicendum
941 1680 963 1710 ‚
984 1652 1185 1697 tamen
1205 1636 1280 1696 ad
1302 1657 1560 1721 cognos-

151 1719 426 1780 cendum
449 1762 469 1790 ‚
512 1739 634 1778 non
658 1716 956 1778 illiberale.

244 1819 390 1877 ¹47·
423 1797 513 1859 Ea
543 1799 881 1861 exercitatio
901 1798 1165 1879 quaedam
1193 1798 1547 1880 suscipienda

146 1882 334 1943 vobis
363 1878 492 1942 est:
525 1899 877 1960 quamquam
903 1899 1016 1940 vos
1045 1880 1283 1960 quidem
1301 1878 1549 1961 jampri-

16 1952 17 1955 Ἴ
62 2034 69 2039 ,
148 1963 297 2024 dem
322 1959 539 2023 estisin
567 1958 767 2020 cursu:
805 1953 903 2019 sed
930 1962 995 2019 iis
1015 2005 1038 2031 ,
1076 1963 1174 2042 qui
1207 1961 1547 2044 ingrediun-

147 2063 246 2105 tur
287 2046 354 2104 in
399 2041 647 2103 stadium
666 2086 686 2115 ‚
734 2043 947 2122 quique
988 2060 1059 2100 ea
1079 2084 1099 2115 ,
1148 2061 1275 2122 quae
1314 2042 1543 2123 agenda

145 2125 280 2186 sunt
323 2127 391 2184 in
432 2121 572 2182 foro
593 2166 613 2196 ‚
664 2137 960 2203 tamquam
990 2123 1051 2183 in
1097 2123 1217 2181 acie
1241 2166 1260 2194 ,
1309 2120 1540 2201 possunt

144 2209 338 2267 etiam
360 2224 518 2264 nunc
538 2204 950 2264 exercitatione
971 2203 1131 2282 quasi
1145 2201 1367 2268 ‚ludicra
1385 2200 1544 2283 prae-‘-

145 2287 376 2349 discere
394 2330 414 2358 ‚
443 2305 513 2344 ac
527 2283 813 2344 meditari.
1260 2307 1262 2310 ⁴
1353 2315 1358 2319 ·
1484 2356 1488 2360 .

230 2388 267 2431 ,ι
275 2366 386 2441 48.
405 2364 580 2425 Hanc
595 2363 773 2445 ipsam
784 2407 804 2438 ,
827 2362 1015 2444 inquit
1029 2359 1348 2446 Sulpicius,
1374 2360 1536 2425 noffe

145 2449 435 2512 volumus
466 2466 483 2505 z
529 2461 783 2506 attamen
812 2441 914 2503 ista
928 2487 948 2517 ‚
993 2463 1119 2525 quae
1160 2441 1266 2503 abs,
1294 2457 1355 2507 te
1394 2442 1546 2504 bre--

146 2533 306 2593 viter
328 2528 407 2588 de
429 2542 554 2588 arte
575 2524 810 2587 decursa
830 2523 987 2600 sunt,
1016 2523 1213 2585 audire
1237 2526 1494 2604 cupimus
1512 2558 1534 2597 ς

233 2629 518 2690 amquam
533 2605 660 2667 sunt
680 2605 849 2666 nobis
865 2625 1100 2689 quoque
1122 2626 1244 2665 non
1259 2605 1550 2664 inauditac

150 2631 391 2752 verum
408 2687 507 2748 illa
525 2708 698 2755 mox:
722 2708 875 2746 nunc
886 2685 966 2746 *de
983 2683 1104 2767 ipsa
1118 2685 1537 2749 exercitatione

150 2770 300 2853 guid
315 2768 524 2835 sentias
538 2813 559 2848 ,
581 2770 909 2854 quaerimus·
1086 2840 1144 2906 C
1169 2864 1212 2911 v
1275 2848 1288 2855 ρ
