2017 3634
466 231 1174 305 LIBERIII.
1377 239 1530 331 289

138 346 554 431 appenantur‚
592 346 894 413 rhetorum
934 353 1245 432 praeceptis
1287 375 1535 419 omnem

142 446 454 492 oratorum
475 431 598 490 vim
620 429 965 511 complexos
994 431 1109 495 effe
1140 434 1491 501 arbitraxffur
1514 459 1535 512 ;

141 532 337 593 neque
368 510 557 573 adhuc
586 531 761 592 quam
787 511 1097 592 personam
1123 533 1364 579 teneant
1382 564 1401 592 ,
1434 537 1543 582 aut

183 593 285 652 uid
329 589 719 672 profiteantur
744 637 764 666 ,
824 593 1149 676 intelligere
1187 616 1534 677 potuerunt.

205 676 380 734 erhm
417 675 574 734 enim
612 676 868 746 oratori,
915 694 1045 753 quae
1076 675 1202 741 sunt
1233 681 1297 738 in
1337 680 1536 743 homi..

138 777 284 819 num
317 755 444 815 vita
484 760 512 829 ζ
531 755 765 835 quando
811 753 1008 815 uidem
1050 758 1113 816 in
1159 778 1228 821 ea
1273 761 1534 825 versatur
1592 790 1608 805 =

134 855 349 898 orator
373 880 392 909 ,
433 851 608 915 atque
640 854 716 895 ea
742 855 775 895 e
822 837 906 897 »εἰ
932 834 1187 914 subjeaa
1212 844 1532 927 materies)

132 920 345 979 omnia
378 917 618 997 quaesita
642 959 678 993 ,ἢ
701 914 895 979 audita
914 962 935 989 ‚
980 918 1129 979 leika
1145 962 1184 994 ,-
1211 919 1494 1003 disputata
1511 970 1532 1000 ,

139 999 422 1070 naastan,
461 1000 670 1079 agitata
708 994 820 1063 effe
854 998 1097 1067 debent.

132 1122 141 1129 -
227 1088 329 1160 55:
375 1075 474 1137 Est
524 1081 681 1139 enim
725 1079 1062 1161 eloquentia
1098 1102 1216 1142 una
1259 1085 1528 1165 quaedam

137 1161 216 1222 de
269 1159 513 1221 summis
565 1161 869 1220 virtutibus
904 1182 924 1234 3
990 1180 1349 1245 quamquam
1396 1159 1531 1228 'sunt

139 1262 357 1303 omnes
388 1242 632 1300 virtutes
662 1241 911 1320 aequales
944 1242 1012 1301 ὃ(
1046 1265 1252 1324 pareS‚
1293 1245 1391 1308 sed
1434 1266 1530 1310 ta-

140 1344 282 1383 men
316 1318 404 1382 est
432 1319 650 1400 species
676 1321 788 1379 alia
821 1324 1002 1401 magis
1039 1325 1148 1383 alia
1173 1324 1429 1388 formosa
1462 1331 1528 1393 δι

136 1401 405 1465 illustris:
431 1403 576 1461 sicut
594 1400 718 1460 haec
753 1404 840 1460 vis
858 1446 881 1476 ‚
900 1422 1032 1482 quae
1054 1403 1341 1466 scientiam
1367 1431 1532 1470 com·-

138 1485 316 1566 plexa
361 1503 600 1552 rerum,
647 1480 804 1543 sensa
851 1485 1106 1558 mentis„
1148 1485 1214 1545 &
1253 1489 1528 1565 consilia,

142 1569 222 1627 sic
255 1565 459 1627 verbis
497 1562 786 1644 explicat,
824 1581 893 1624 ut
926 1585 1069 1636 εοε,
1110 1568 1209 1646 qui
1249 1566 1487 1630 audiunt
1511 1608 1531 1645 5

138 1665 524 1728 quocumque
553 1644 918 1719 incubuerit,
960 1648 1144 1724 possit
1181 1648 1532 1728 impellere;

138 1750 268 1810 quae
288 1728 412 1810 quo
433 1722 625 1804 major
647 1723 729 1785 est
760 1728 848 1787 vis
869 1770 888 1799 ‚
917 1726 1034 1787 hoc
1065 1725 1144 1787 est
1169 1731 1350 1810 magis
1386 1753 1531 1812 pro..

139 1808 321 1871 bitate
380 1806 679 1888 jungenda
708 1851 728 1881 ,
754 1818 761 1823 “
790 1806 1126 1888 summaque
1218 1810 1483 1874 radentia
1506 1836 1528 1876 ε

140 1910 390 1972 quarum
422 1891 701 1949 virtutum
735 1886 1066 1969 expertibus
1090 1892 1138 1949 si
1161 1831 1393 1952 ‹iicendi
1424 1915 1532 1954 co-

144 1974 303 2052 piam
338 1966 785 2043 tradiderimus,
830 1990 951 2029 non
982 1990 1088 2030 eos
1120 1972 1357 2052 quidem
1394 1996 1535 2037 ora-.

139 2068 306 2112 tores
338 2048 703 2112 effecerimus
722 2094 745 2123 ‚
782 2047 883 2111 sed
915 2049 1235 2113 furentibus
1259 2055 1527 2141 quaedam

144 2154 307 2193 arma
335 2131 689 2195 dederimus.

225 2211 375 2273 XV.
419 2212 635 2286 Hanc,
689 2214 923 2292 inquam
952 2256 973 2285 ‚
1029 2215 1324 2295 cogitandi
1380 2239 1528 2297 pro-

144 2293 448 2356 nuntiandi
491 2313 562 2352 ue
601 2295 929 2365 rationem,
978 2295 1218 2374 vimque
1259 2295 1524 2374 dicendi,

142 2391 378 2436 veteres
445 2315 638 2434 graeci
706 2372 1045 2454 sapientiam
1120 2378 1524 2442 nominabant.

144 2457 301 2517 Hinc
329 2456 414 2517 illi
447 2454 748 2542 Lycurgi3
787 2455 920 2514 hinc
956 2453 1200 2537 Pittaci,
1239 2457 1374 2520 hinc
1407 2459 1525 2521 So-

142 2538 311 2597 lones
343 2557 361 2608 ;
400 2552 577 2617 atque
599 2536 672 2594 ab
693 2535 801 2594 hac
824 2537 1192 2599 similitudine
1216 2537 1523 2602 Corunca-

140 2620 220 2678 nii
258 2615 480 2690 nostri‚
530 2616 822 2688 Fabricii,
867 2613 1170 2690 Catones,
1216 2619 1523 2700 Scipiones

140 2697 374 2760 fuerunt
399 2743 422 2769 ,
454 2719 579 2757 non
612 2714 735 2757 tam
773 2694 1003 2769 fort-affe
1043 2696 1237 2772 dotti,
1275 2698 1375 2759 sed
1412 2704 1524 2760 im·

140 2795 284 2860 petu
324 2781 540 2841 mentis
589 2779 760 2841 simili
805 2778 871 2841 &
910 2776 1239 2842 voluntate.
1297 2778 1521 2845 Eadem

232 2865 434 2922 Tomus
474 2861 559 2923 ll.
1216 2858 1275 2923 N
