2017 3634
540 218 687 309 368
837 217 990 286 DE
1059 216 1596 293 ORAJoR'J:

522 336 620 393 «tra
660 353 769 419 ue,
804 352 1069 414 quaepro
1099 348 1208 392 reo
1238 331 1543 403 dicentur,
1576 335 1787 403 onmia
1811 355 1917 399 ne-

528 353 764 475 cessqarib
793 435 825 472 a
858 428 1131 493 ternpore
1163 429 1336 494 atque
1366 412 1607 475 homine
1637 414 1716 475 ad
1752 437 1915 483 com-

522 515 731 555 munes
767 514 961 557 rerum
1000 494 1065 554 &
1100 513 1380 575 generum
1413 492 1662 556 summas
1707 499 1926 560 revol-·

525 594 758 637 ventur.

613 656 745 734 136.
776 654 989 738 Atque
1018 654 1143 715 haec
1179 653 1422 722 forsitan
1456 655 1685 717 homini
1710 702 1734 732 ‚
1778 681 1901 723 non

518 740 722 801 omnia
741 783 760 811 ‚
781 758 911 819 quae
928 735 1053 801 sunt
1075 739 1137 802 in
1157 752 1358 797 natura
1377 756 1565 797 rerum
1584 782 1605 812 ‚
1632 740 1905 803 celeriter

520 824 722 880 animo
746 816 1304 897 comprehendenti,
1348 819 1634 898 permulta
1652 821 1901 882 videan-

516 919 651 974 tur,
685 922 811 981 quae
840 901 1076 960 veniant
1110 901 1170 957 in
1206 894 1481 976 judicium
1512 914 1673 973 tum,
1717 924 1897 984 quum

514 982 600 1042 <de
638 980 792 1040 facio
829 994 1112 1059 quaeratur
1145 997 1159 1039 ε
1211 975 1308 1038 sed
1353 995 1548 1040 tamen
1588 983 1898 1049 criminum

520 1061 606 1124 est
626 1060 934 1121 multitudo
951 1104 972 1132 ‚
997 1076 1123 1119 non
1148 1057 1555 1121 defensionum
1569 1103 1596 1135 ,
1618 1080 1722 1122 aut
1735 1064 1902 1129 loco-

521 1164 649 1203 rum
672 1139 911 1201 infinita.
1238 1144 1254 1168 '
1881 1182 1889 1191 .

528 1228 535 1237 '
604 1219 859 1283 XXXII.
902 1220 1058 1300 Quae
1081 1221 1260 1293 verb,
1296 1239 1474 1303 quum
1493 1222 1567 1283 de
1590 1221 1746 1285 fasto
1768 1247 1891 1286 non

516 1303 860 1386 ambigitur,
896 1318 1258 1383 quaeruntur,
1309 1304 1498 1385 qualia
1527 1305 1643 1364 sint
1664 1350 1685 1380 ‚
1737 1326 1809 1367 ea
1844 1310 1892 1367 si

510 1405 592 1447 ex
630 1387 741 1446 reis
775 1402 1087 1455 numere8‚
1134 1383 1199 1443 &
1234 1384 1672 1445 innumerabilia
1717 1385 1846 1447 sunt
1864 1432 1888 1460 ,

520 1467 587 1527 &
619 1464 893 1527 obscura:
926 1467 974 1523 si
1000 1473 1074 1525 ex
1100 1464 1270 1525 rebus
1286 1510 1305 1537 ‚
1328 1464 1504 1525 valde
1529 1465 1594 1524 &
1611 1467 1885 1542 modica,

516 1548 581 1609 ὃ(
604 1544 861 1609 illustria.
900 1543 1056 1605 Nam
1078 1546 1124 1603 si
1146 1543 1410 1604 Mancini
1427 1544 1646 1605 causam
1679 1548 1741 1607 in
1759 1569 1886 1610 uno

514 1628 796 1689 Mancino
856 1628 1127 1707 ponimus
1165 1669 1185 1698 ,
1252 1624 1729 1708 quotiescumque
1778 1632 1827 1689 is
1857 1675 1881 1704 ‚

502 1728 715 1790 quemn
743 1721 1158 1788 paterpatratus
1207 1704 1494 1768 dediderit
1525 1752 1544 1781 ‚
1608 1727 1880 1790 receptus

504 1811 629 1849 non
665 1790 771 1848 erit
792 1830 813 1861 ,
844 1789 1020 1847 toties
1053 1783 1217 1845 causa
1247 1808 1404 1848 nova
1437 1785 1716 1849 nascetur.
1773 1789 1877 1852 Sin

500 1869 600 1930 illa
620 1870 1019 1930 controversia
1045 1865 1268 1927 causam
1289 1866 1426 1929 facit
1447 1913 1468 1941 ‚
1506 1868 1875 1933 Videaturne

500 1953 600 2025 ei,
650 1969 826 2031 quem
871 1964 1294 2030 paterpatratus
1346 1948 1633 2010 dediderit
1664 1997 1685 2024 ‚
1734 1954 1782 2010 si
1824 1954 1870 2012 is

496 2052 620 2091 non
653 2033 724 2089 sit
761 2046 1065 2110 receptus,
1101 2026 1514 2108 postliminium
1536 2028 1688 2091 esse:
1727 2033 1868 2094 nihil

494 2112 570 2173 ad
590 2109 1055 2183 artemdicendi‚
1082 2129 1190 2169 nec
1207 2108 1282 2169 ad
1304 2129 1641 2193 argumenta
1662 2112 1870 2175 defen·

493 2195 671 2254 sionis
690 2236 710 2265 ‚
738 2191 1001 2253 Mancini
1026 2210 1245 2253 nomen
1263 2195 1535 2269 pertinet.
1653 2254 1661 2265 ‚

494 2314 503 2319 -
585 2272 718 2352 138.
760 2271 894 2345 Ac,
937 2273 985 2330 si
1015 2270 1152 2352 quid
1179 2269 1342 2330 affert
1410 2289 1648 2337 raeterea
1665 2272 1864 2334 homi-

488 2356 581 2415 nis
634 2371 731 2414 aut
781 2354 1027 2435 dignitas
1061 2396 1079 2425 ,
1139 2371 1236 2411 aut
1280 2354 1338 2411 in
1382 2354 1585 2435 ignitas
1613 2399 1636 2426 ,
1696 2373 1860 2417 extra

491 2433 867 2516 quaestionem
905 2431 1032 2504 est;
1070 2432 1133 2491 &
1170 2452 1242 2492 ea
1275 2449 1470 2495 tamen
1504 2432 1621 2515 ipsa
1664 2439 1859 2498 oratio

486 2516 563 2575 ad
587 2516 836 2576 universi
860 2513 1087 2595 generis
1114 2512 1553 2593 disputationem
1576 2513 1860 2581 referatur

485 2593 712 2657 necesse
740 2592 841 2656 est.
895 2593 1043 2652 Haec
1064 2613 1179 2675 ego
1205 2617 1328 2655 non
1353 2616 1428 2656 eo
1469 2592 1715 2657 consilio
1739 2598 1859 2658 dis-

482 2684 628 2758 puto
653 2722 673 2751 ‚
721 2693 786 2736 ut
832 2674 1102 2735 homines
1151 2675 1408 2737 eruditos
1454 2676 1850 2759 redffluam:

480 2777 830 2840 quamquam
882 2755 1350 2840 reprehendendi
1398 2755 1524 2819 sunt
1558 2802 1579 2834 ,
1642 2762 1745 2838 qui
1795 2763 1855 2823 in

1638 2858 1858 2922 genere
