<?xml version="1.0" encoding="UTF-8"?>
<!DOCTYPE html PUBLIC "-//W3C//DTD XHTML 1.0 Transitional//EN"
    "http://www.w3.org/TR/xhtml1/DTD/xhtml1-transitional.dtd">
<html xmlns="http://www.w3.org/1999/xhtml" xml:lang="en" lang="en">
 <head>
  <title>
</title>
<meta http-equiv="Content-Type" content="text/html;charset=utf-8" />
  <meta name='ocr-system' content='tesseract 3.04.00' />
  <meta name='ocr-capabilities' content='ocr_page ocr_carea ocr_par ocr_line ocrx_word'/>
</head>
<body>
  <div class='ocr_page' id='page_1' title='image "./mtulliiciceroni18unkngoog_0490.png"; bbox 0 0 2017 3634; ppageno 0'>
   <div class='ocr_carea' id='block_1_1' title="bbox 442 202 1540 297">
    <p class='ocr_par' dir='ltr' id='par_1_1' title="bbox 442 202 1540 297">
     <span class='ocr_line' id='line_1_1' title="bbox 442 202 1540 297; baseline -0.004 -22"><span class='ocrx_word' id='word_1_1' title='bbox 442 202 597 297; x_wconf 81' lang='lat'>488</span> <span class='ocrx_word' id='word_1_2' title='bbox 725 205 902 273; x_wconf 72' lang='lat' dir='ltr'>DE</span> <span class='ocrx_word' id='word_1_3' title='bbox 974 203 1540 272; x_wconf 69' lang='lat' dir='ltr'>CLAnts</span> 
     </span>
    </p>
   </div>
   <div class='ocr_carea' id='block_1_2' title="bbox 424 315 1842 2813">
    <p class='ocr_par' dir='ltr' id='par_1_2' title="bbox 445 315 1840 1202">
     <span class='ocr_line' id='line_1_2' title="bbox 445 315 1832 400; baseline 0.002 -21"><span class='ocrx_word' id='word_1_4' title='bbox 445 315 632 379; x_wconf 80' lang='lat' dir='ltr'>suisset</span> <span class='ocrx_word' id='word_1_5' title='bbox 657 338 834 398; x_wconf 85' lang='lat' dir='ltr'>quum</span> <span class='ocrx_word' id='word_1_6' title='bbox 852 317 1054 379; x_wconf 86' lang='lat' dir='ltr'>litteris</span> <span class='ocrx_word' id='word_1_7' title='bbox 1069 318 1349 379; x_wconf 79' lang='lat' dir='ltr'>eruditior</span> <span class='ocrx_word' id='word_1_8' title='bbox 1364 364 1383 393; x_wconf 89' lang='lat'>‚</span> <span class='ocrx_word' id='word_1_9' title='bbox 1404 316 1581 400; x_wconf 70' lang='lat' dir='ltr'>quani</span> <span class='ocrx_word' id='word_1_10' title='bbox 1600 316 1832 395; x_wconf 61' lang='lat' dir='ltr'>Curios,</span> 
     </span>
     <span class='ocr_line' id='line_1_3' title="bbox 446 399 1830 480; baseline 0.004 -23"><span class='ocrx_word' id='word_1_11' title='bbox 446 414 573 457; x_wconf 81' lang='lat' dir='ltr'>tum</span> <span class='ocrx_word' id='word_1_12' title='bbox 602 400 777 458; x_wconf 86' lang='lat' dir='ltr'>etiam</span> <span class='ocrx_word' id='word_1_13' title='bbox 802 402 1122 458; x_wconf 85' lang='lat' dir='ltr'>accuratius</span> <span class='ocrx_word' id='word_1_14' title='bbox 1151 399 1451 480; x_wconf 85' lang='lat' dir='ltr'>quoddam</span> <span class='ocrx_word' id='word_1_15' title='bbox 1486 399 1722 460; x_wconf 88' lang='lat' dir='ltr'>dicendi</span> <span class='ocrx_word' id='word_1_16' title='bbox 1763 403 1830 463; x_wconf 85' lang='lat'>&amp;</span> 
     </span>
     <span class='ocr_line' id='line_1_4' title="bbox 449 475 1833 562; baseline 0.001 -23"><span class='ocrx_word' id='word_1_17' title='bbox 449 480 781 558; x_wconf 76' lang='lat' dir='ltr'>exquisitius</span> <span class='ocrx_word' id='word_1_18' title='bbox 826 475 1106 539; x_wconf 80' lang='lat' dir='ltr'>afferebat</span> <span class='ocrx_word' id='word_1_19' title='bbox 1150 499 1329 560; x_wconf 84' lang='lat' dir='ltr'>genus</span> <span class='ocrx_word' id='word_1_20' title='bbox 1365 500 1379 539; x_wconf 90' lang='lat'><strong>:</strong></span> <span class='ocrx_word' id='word_1_21' title='bbox 1416 480 1583 562; x_wconf 90' lang='lat' dir='ltr'>quod</span> <span class='ocrx_word' id='word_1_22' title='bbox 1623 498 1833 561; x_wconf 84' lang='lat' dir='ltr'>quam-</span> 
     </span>
     <span class='ocr_line' id='line_1_5' title="bbox 447 556 1829 641; baseline 0.003 -24"><span class='ocrx_word' id='word_1_23' title='bbox 447 578 621 639; x_wconf 88' lang='lat' dir='ltr'>quam</span> <span class='ocrx_word' id='word_1_24' title='bbox 669 556 910 618; x_wconf 84' lang='lat' dir='ltr'>scienter</span> <span class='ocrx_word' id='word_1_25' title='bbox 942 603 963 632; x_wconf 86' lang='lat'>‚</span> <span class='ocrx_word' id='word_1_26' title='bbox 1010 560 1424 641; x_wconf 70' lang='lat' dir='ltr'>eleganterque</span> <span class='ocrx_word' id='word_1_27' title='bbox 1487 559 1774 621; x_wconf 60' lang='lat' dir='ltr'>trastabat</span> <span class='ocrx_word' id='word_1_28' title='bbox 1807 606 1829 635; x_wconf 92' lang='lat'><strong>‚</strong></span> 
     </span>
     <span class='ocr_line' id='line_1_6' title="bbox 446 635 1831 722; baseline 0.002 -24"><span class='ocrx_word' id='word_1_29' title='bbox 446 640 692 698; x_wconf 73' lang='lat' dir='ltr'>nimium</span> <span class='ocrx_word' id='word_1_30' title='bbox 724 654 922 699; x_wconf 84' lang='lat' dir='ltr'>tamen</span> <span class='ocrx_word' id='word_1_31' title='bbox 947 635 1242 722; x_wconf 78' lang='lat' dir='ltr'>inquitens</span> <span class='ocrx_word' id='word_1_32' title='bbox 1280 643 1341 699; x_wconf 84' lang='lat' dir='ltr'>in</span> <span class='ocrx_word' id='word_1_33' title='bbox 1378 638 1474 714; x_wconf 83' lang='lat' dir='ltr'>se,</span> <span class='ocrx_word' id='word_1_34' title='bbox 1507 644 1732 722; x_wconf 85' lang='lat' dir='ltr'>atquei</span> <span class='ocrx_word' id='word_1_35' title='bbox 1775 638 1831 702; x_wconf 90' lang='lat' dir='ltr'>se</span> 
     </span>
     <span class='ocr_line' id='line_1_7' title="bbox 448 716 1829 803; baseline 0.001 -23"><span class='ocrx_word' id='word_1_36' title='bbox 448 716 570 780; x_wconf 81' lang='lat' dir='ltr'>sese</span> <span class='ocrx_word' id='word_1_37' title='bbox 616 718 963 793; x_wconf 77' lang='lat' dir='ltr'>observans,</span> <span class='ocrx_word' id='word_1_38' title='bbox 1002 719 1383 803; x_wconf 87' lang='lat' dir='ltr'>metuensque</span> <span class='ocrx_word' id='word_1_39' title='bbox 1432 741 1509 780; x_wconf 90' lang='lat' dir='ltr'>ne</span> <span class='ocrx_word' id='word_1_40' title='bbox 1551 723 1707 782; x_wconf 78' lang='lat' dir='ltr'>vitio</span> <span class='ocrx_word' id='word_1_41' title='bbox 1732 742 1829 782; x_wconf 88' lang='lat' dir='ltr'>um</span> 
     </span>
     <span class='ocr_line' id='line_1_8' title="bbox 452 798 1837 883; baseline 0.003 -24"><span class='ocrx_word' id='word_1_42' title='bbox 452 798 797 880; x_wconf 79' lang='lat' dir='ltr'>colligeret,</span> <span class='ocrx_word' id='word_1_43' title='bbox 825 803 994 860; x_wconf 74' lang='lat' dir='ltr'>etiam</span> <span class='ocrx_word' id='word_1_44' title='bbox 1025 821 1232 861; x_wconf 85' lang='lat' dir='ltr'>verum</span> <span class='ocrx_word' id='word_1_45' title='bbox 1255 799 1592 883; x_wconf 83' lang='lat' dir='ltr'>sanguinem</span> <span class='ocrx_word' id='word_1_46' title='bbox 1621 801 1837 883; x_wconf 75' lang='lat' dir='ltr'>deper-</span> 
     </span>
     <span class='ocr_line' id='line_1_9' title="bbox 454 878 1837 963; baseline 0.004 -24"><span class='ocrx_word' id='word_1_47' title='bbox 454 879 653 940; x_wconf 86' lang='lat' dir='ltr'>debat.</span> <span class='ocrx_word' id='word_1_48' title='bbox 693 878 896 961; x_wconf 86' lang='lat' dir='ltr'>Itaque</span> <span class='ocrx_word' id='word_1_49' title='bbox 934 879 1059 958; x_wconf 80' lang='lat' dir='ltr'>ejus</span> <span class='ocrx_word' id='word_1_50' title='bbox 1106 883 1296 941; x_wconf 82' lang='lat' dir='ltr'>oratio</span> <span class='ocrx_word' id='word_1_51' title='bbox 1331 881 1511 941; x_wconf 58' lang='lat' dir='ltr'>nimii</span> <span class='ocrx_word' id='word_1_52' title='bbox 1547 880 1837 963; x_wconf 77' lang='lat' dir='ltr'>religione</span> 
     </span>
     <span class='ocr_line' id='line_1_10' title="bbox 454 959 1838 1035; baseline 0.002 -15"><span class='ocrx_word' id='word_1_53' title='bbox 454 976 750 1020; x_wconf 86' lang='lat' dir='ltr'>attenuata</span> <span class='ocrx_word' id='word_1_54' title='bbox 773 1006 792 1033; x_wconf 90' lang='lat'>‚</span> <span class='ocrx_word' id='word_1_55' title='bbox 843 959 1060 1035; x_wconf 69' lang='grc' dir='ltr'>ὀοξὶὶε,</span> <span class='ocrx_word' id='word_1_56' title='bbox 1106 961 1169 1022; x_wconf 90' lang='lat'>&amp;</span> <span class='ocrx_word' id='word_1_57' title='bbox 1206 962 1423 1022; x_wconf 67' lang='lat' dir='ltr'>attente</span> <span class='ocrx_word' id='word_1_58' title='bbox 1472 961 1838 1023; x_wconf 82' lang='lat' dir='ltr'>audientibus</span> 
     </span>
     <span class='ocr_line' id='line_1_11' title="bbox 456 1039 1839 1115; baseline 0.004 -15"><span class='ocrx_word' id='word_1_59' title='bbox 456 1056 580 1100; x_wconf 82' lang='lat' dir='ltr'>erat</span> <span class='ocrx_word' id='word_1_60' title='bbox 624 1039 845 1099; x_wconf 79' lang='lat' dir='ltr'>illustn‘s</span> <span class='ocrx_word' id='word_1_61' title='bbox 886 1061 901 1099; x_wconf 72' lang='grc' dir='ltr'><strong><em>ε</em></strong></span> <span class='ocrx_word' id='word_1_62' title='bbox 943 1063 977 1100; x_wconf 89' lang='lat' dir='ltr'>a</span> <span class='ocrx_word' id='word_1_63' title='bbox 1019 1041 1390 1102; x_wconf 84' lang='lat' dir='ltr'>multitudine</span> <span class='ocrx_word' id='word_1_64' title='bbox 1419 1059 1618 1103; x_wconf 87' lang='lat' dir='ltr'>autem</span> <span class='ocrx_word' id='word_1_65' title='bbox 1640 1088 1663 1115; x_wconf 89' lang='lat'>‚</span> <span class='ocrx_word' id='word_1_66' title='bbox 1707 1045 1774 1103; x_wconf 88' lang='lat'>&amp;</span> <span class='ocrx_word' id='word_1_67' title='bbox 1804 1065 1839 1105; x_wconf 91' lang='lat' dir='ltr'>a</span> 
     </span>
     <span class='ocr_line' id='line_1_12' title="bbox 453 1118 1840 1202; baseline 0.002 -21"><span class='ocrx_word' id='word_1_68' title='bbox 453 1118 589 1181; x_wconf 78' lang='lat' dir='ltr'>foro</span> <span class='ocrx_word' id='word_1_69' title='bbox 611 1165 630 1192; x_wconf 90' lang='lat'>‚</span> <span class='ocrx_word' id='word_1_70' title='bbox 654 1124 747 1180; x_wconf 87' lang='lat' dir='ltr'>cui</span> <span class='ocrx_word' id='word_1_71' title='bbox 767 1137 900 1179; x_wconf 87' lang='lat' dir='ltr'>nata</span> <span class='ocrx_word' id='word_1_72' title='bbox 919 1120 1253 1202; x_wconf 81' lang='lat' dir='ltr'>eloquentia</span> <span class='ocrx_word' id='word_1_73' title='bbox 1274 1121 1356 1182; x_wconf 88' lang='lat' dir='ltr'>est</span> <span class='ocrx_word' id='word_1_74' title='bbox 1378 1166 1396 1195; x_wconf 91' lang='lat'>‚</span> <span class='ocrx_word' id='word_1_75' title='bbox 1422 1123 1840 1185; x_wconf 82' lang='lat' dir='ltr'>devorabatur.</span> 
     </span>
    </p>

    <p class='ocr_par' dir='ltr' id='par_1_3' title="bbox 458 1200 1839 1539">
     <span class='ocr_line' id='line_1_13' title="bbox 541 1200 1839 1284; baseline 0.002 -24"><span class='ocrx_word' id='word_1_76' title='bbox 541 1200 683 1275; x_wconf 79' lang='lat'><strong>284.</strong></span> <span class='ocrx_word' id='word_1_77' title='bbox 721 1200 879 1260; x_wconf 89' lang='lat' dir='ltr'>Tum</span> <span class='ocrx_word' id='word_1_78' title='bbox 905 1200 1113 1261; x_wconf 87' lang='lat' dir='ltr'>Brutus</span> <span class='ocrx_word' id='word_1_79' title='bbox 1130 1247 1149 1276; x_wconf 91' lang='lat'>‚</span> <span class='ocrx_word' id='word_1_80' title='bbox 1181 1201 1441 1262; x_wconf 85' lang='lat' dir='ltr'>Atticum</span> <span class='ocrx_word' id='word_1_81' title='bbox 1467 1201 1524 1262; x_wconf 90' lang='lat' dir='ltr'>se</span> <span class='ocrx_word' id='word_1_82' title='bbox 1542 1247 1562 1276; x_wconf 89' lang='lat'>‚</span> <span class='ocrx_word' id='word_1_83' title='bbox 1606 1206 1839 1284; x_wconf 75' lang='lat' dir='ltr'>inquit,</span> 
     </span>
     <span class='ocr_line' id='line_1_14' title="bbox 461 1278 1837 1365; baseline 0.001 -24"><span class='ocrx_word' id='word_1_84' title='bbox 461 1278 680 1341; x_wconf 83' lang='lat' dir='ltr'>Calvus</span> <span class='ocrx_word' id='word_1_85' title='bbox 707 1281 900 1343; x_wconf 81' lang='lat' dir='ltr'>noster</span> <span class='ocrx_word' id='word_1_86' title='bbox 928 1283 1042 1342; x_wconf 86' lang='lat' dir='ltr'>dici</span> <span class='ocrx_word' id='word_1_87' title='bbox 1071 1299 1370 1343; x_wconf 83' lang='lat' dir='ltr'>oratorem</span> <span class='ocrx_word' id='word_1_88' title='bbox 1403 1283 1676 1344; x_wconf 84' lang='lat' dir='ltr'>volebat:</span> <span class='ocrx_word' id='word_1_89' title='bbox 1698 1284 1837 1365; x_wconf 65' lang='lat' dir='ltr'>indfe</span> 
     </span>
     <span class='ocr_line' id='line_1_15' title="bbox 460 1360 1837 1436; baseline 0.003 -14"><span class='ocrx_word' id='word_1_90' title='bbox 460 1379 582 1422; x_wconf 87' lang='lat' dir='ltr'>erat</span> <span class='ocrx_word' id='word_1_91' title='bbox 630 1360 730 1423; x_wconf 88' lang='lat' dir='ltr'>ista</span> <span class='ocrx_word' id='word_1_92' title='bbox 781 1364 1040 1436; x_wconf 74' lang='lat' dir='ltr'>exilitas,</span> <span class='ocrx_word' id='word_1_93' title='bbox 1173 1385 1266 1423; x_wconf 85' lang='lat' dir='ltr'>am</span> <span class='ocrx_word' id='word_1_94' title='bbox 1317 1363 1414 1424; x_wconf 80' lang='lat' dir='ltr'>ille</span> <span class='ocrx_word' id='word_1_95' title='bbox 1454 1363 1530 1424; x_wconf 88' lang='lat' dir='ltr'>de</span> <span class='ocrx_word' id='word_1_96' title='bbox 1561 1363 1837 1426; x_wconf 78' lang='lat' dir='ltr'>industria</span> 
     </span>
     <span class='ocr_line' id='line_1_16' title="bbox 458 1441 1834 1539; baseline 0.002 -37"><span class='ocrx_word' id='word_1_97' title='bbox 458 1441 634 1502; x_wconf 87' lang='lat' dir='ltr'>conse</span> <span class='ocrx_word' id='word_1_98' title='bbox 677 1443 938 1504; x_wconf 86' lang='lat' dir='ltr'>uebatur.</span> <span class='ocrx_word' id='word_1_99' title='bbox 964 1442 1116 1504; x_wconf 87' lang='lat' dir='ltr'>Dice</span> <span class='ocrx_word' id='word_1_100' title='bbox 1161 1461 1219 1504; x_wconf 88' lang='lat' dir='ltr'>at</span> <span class='ocrx_word' id='word_1_101' title='bbox 1240 1489 1258 1519; x_wconf 92' lang='lat'><strong><em>‚</em></strong></span> <span class='ocrx_word' id='word_1_102' title='bbox 1283 1445 1518 1539; x_wconf 73' lang='lat' dir='ltr'>inquam</span> <span class='ocrx_word' id='word_1_103' title='bbox 1536 1489 1561 1516; x_wconf 86' lang='lat'>‚</span> <span class='ocrx_word' id='word_1_104' title='bbox 1583 1447 1663 1504; x_wconf 85' lang='lat' dir='ltr'>ita</span> <span class='ocrx_word' id='word_1_105' title='bbox 1688 1465 1705 1503; x_wconf 77' lang='grc' dir='ltr'><strong><em>ε</em></strong></span> <span class='ocrx_word' id='word_1_106' title='bbox 1734 1444 1834 1505; x_wconf 83' lang='lat' dir='ltr'>sed</span> 
     </span>
    </p>

    <p class='ocr_par' dir='ltr' id='par_1_4' title="bbox 424 1466 1838 2309">
     <span class='ocr_line' id='line_1_17' title="bbox 424 1466 1838 1604; baseline 0.003 -23"><span class='ocrx_word' id='word_1_107' title='bbox 424 1596 433 1604; x_wconf 89' lang='lat'><strong>.</strong></span> <span class='ocrx_word' id='word_1_108' title='bbox 463 1523 525 1582; x_wconf 87' lang='lat'>&amp;</span> <span class='ocrx_word' id='word_1_109' title='bbox 568 1466 689 1604; x_wconf 66' lang='lat' dir='ltr'>iplqe</span> <span class='ocrx_word' id='word_1_110' title='bbox 732 1526 991 1600; x_wconf 84' lang='lat' dir='ltr'>errabat,</span> <span class='ocrx_word' id='word_1_111' title='bbox 1032 1524 1097 1586; x_wconf 86' lang='lat'>&amp;</span> <span class='ocrx_word' id='word_1_112' title='bbox 1130 1524 1272 1585; x_wconf 85' lang='lat' dir='ltr'>alios</span> <span class='ocrx_word' id='word_1_113' title='bbox 1304 1542 1479 1584; x_wconf 76' lang='lat' dir='ltr'>etlam</span> <span class='ocrx_word' id='word_1_114' title='bbox 1521 1544 1711 1586; x_wconf 85' lang='lat' dir='ltr'>errare</span> <span class='ocrx_word' id='word_1_115' title='bbox 1733 1548 1838 1585; x_wconf 89' lang='lat' dir='ltr'>co-</span> 
     </span>
     <span class='ocr_line' id='line_1_18' title="bbox 459 1602 1836 1741; baseline 0.004 -80"><span class='ocrx_word' id='word_1_116' title='bbox 459 1603 656 1741; x_wconf 55' lang='lat' dir='ltr'>gebat.</span> <span class='ocrx_word' id='word_1_117' title='bbox 690 1602 845 1685; x_wconf 78' lang='lat' dir='ltr'>Nam</span> <span class='ocrx_word' id='word_1_118' title='bbox 875 1651 894 1680; x_wconf 91' lang='lat'><strong>,</strong></span> <span class='ocrx_word' id='word_1_119' title='bbox 937 1608 982 1664; x_wconf 88' lang='lat' dir='ltr'>si</span> <span class='ocrx_word' id='word_1_120' title='bbox 1015 1607 1140 1686; x_wconf 87' lang='lat' dir='ltr'>quis</span> <span class='ocrx_word' id='word_1_121' title='bbox 1175 1626 1279 1665; x_wconf 90' lang='lat' dir='ltr'>eos</span> <span class='ocrx_word' id='word_1_122' title='bbox 1304 1648 1324 1677; x_wconf 91' lang='lat'>‚</span> <span class='ocrx_word' id='word_1_123' title='bbox 1347 1608 1458 1686; x_wconf 52' lang='lat' dir='ltr'>gui</span> <span class='ocrx_word' id='word_1_124' title='bbox 1492 1625 1602 1664; x_wconf 90' lang='lat' dir='ltr'>nec</span> <span class='ocrx_word' id='word_1_125' title='bbox 1637 1606 1836 1687; x_wconf 59' lang='lat' dir='ltr'>inepte</span> 
     </span>
     <span class='ocr_line' id='line_1_19' title="bbox 504 1685 1833 1766; baseline 0.003 -25"><span class='ocrx_word' id='word_1_126' title='bbox 504 1685 699 1757; x_wconf 79' lang='lat' dir='ltr'>icum,</span> <span class='ocrx_word' id='word_1_127' title='bbox 756 1706 864 1746; x_wconf 89' lang='lat' dir='ltr'>nec</span> <span class='ocrx_word' id='word_1_128' title='bbox 918 1685 1166 1758; x_wconf 72' lang='lat' dir='ltr'>odiose,</span> <span class='ocrx_word' id='word_1_129' title='bbox 1189 1704 1314 1745; x_wconf 74' lang='lat' dir='ltr'>-nec</span> <span class='ocrx_word' id='word_1_130' title='bbox 1355 1685 1597 1766; x_wconf 69' lang='lat' dir='ltr'>putide,</span> <span class='ocrx_word' id='word_1_131' title='bbox 1635 1685 1833 1745; x_wconf 76' lang='lat' dir='ltr'>Attice</span> 
     </span>
     <span class='ocr_line' id='line_1_20' title="bbox 505 1764 1837 1846; baseline 0.002 -24"><span class='ocrx_word' id='word_1_132' title='bbox 505 1780 627 1823; x_wconf 87' lang='lat' dir='ltr'>utat</span> <span class='ocrx_word' id='word_1_133' title='bbox 660 1765 852 1825; x_wconf 86' lang='lat' dir='ltr'>dicere</span> <span class='ocrx_word' id='word_1_134' title='bbox 870 1786 889 1837; x_wconf 84' lang='lat'>3</span> <span class='ocrx_word' id='word_1_135' title='bbox 922 1767 968 1825; x_wconf 83' lang='lat' dir='ltr'>is</span> <span class='ocrx_word' id='word_1_136' title='bbox 1005 1764 1158 1825; x_wconf 62' lang='lat' dir='ltr'>reRe</span> <span class='ocrx_word' id='word_1_137' title='bbox 1179 1809 1200 1838; x_wconf 95' lang='lat'>,</span> <span class='ocrx_word' id='word_1_138' title='bbox 1237 1766 1343 1824; x_wconf 85' lang='lat' dir='ltr'>nisi</span> <span class='ocrx_word' id='word_1_139' title='bbox 1361 1764 1630 1825; x_wconf 85' lang='lat' dir='ltr'>Atticum</span> <span class='ocrx_word' id='word_1_140' title='bbox 1650 1811 1670 1840; x_wconf 89' lang='lat'>‚</span> <span class='ocrx_word' id='word_1_141' title='bbox 1699 1787 1837 1846; x_wconf 70' lang='lat' dir='ltr'>pro»</span> 
     </span>
     <span class='ocr_line' id='line_1_21' title="bbox 505 1844 1833 1906; baseline 0.001 -1"><span class='ocrx_word' id='word_1_142' title='bbox 505 1862 562 1905; x_wconf 84' lang='lat' dir='ltr'>at</span> <span class='ocrx_word' id='word_1_143' title='bbox 587 1846 882 1905; x_wconf 89' lang='lat' dir='ltr'>neminem</span> <span class='ocrx_word' id='word_1_144' title='bbox 912 1866 927 1904; x_wconf 73' lang='grc' dir='ltr'><strong><em>ε</em></strong></span> <span class='ocrx_word' id='word_1_145' title='bbox 961 1844 1331 1905; x_wconf 82' lang='lat' dir='ltr'>insulsitatem</span> <span class='ocrx_word' id='word_1_146' title='bbox 1377 1847 1534 1904; x_wconf 88' lang='lat' dir='ltr'>enim</span> <span class='ocrx_word' id='word_1_147' title='bbox 1575 1846 1641 1906; x_wconf 88' lang='lat'>&amp;</span> <span class='ocrx_word' id='word_1_148' title='bbox 1680 1845 1833 1906; x_wconf 68' lang='lat' dir='ltr'>inso&#39;·</span> 
     </span>
     <span class='ocr_line' id='line_1_22' title="bbox 436 1924 1837 2006; baseline -0.003 -21"><span class='ocrx_word' id='word_1_149' title='bbox 436 1925 694 1985; x_wconf 86' lang='lat' dir='ltr'>-lentiam</span> <span class='ocrx_word' id='word_1_150' title='bbox 719 1969 737 1995; x_wconf 88' lang='lat'><strong>,</strong></span> <span class='ocrx_word' id='word_1_151' title='bbox 758 1941 1052 2005; x_wconf 78' lang='lat' dir='ltr'>tamquam</span> <span class='ocrx_word' id='word_1_152' title='bbox 1076 1924 1344 1985; x_wconf 88' lang='lat' dir='ltr'>insaniam</span> <span class='ocrx_word' id='word_1_153' title='bbox 1366 1924 1682 2006; x_wconf 88' lang='lat' dir='ltr'>quamdam</span> <span class='ocrx_word' id='word_1_154' title='bbox 1703 1948 1837 1987; x_wconf 72' lang='lat' dir='ltr'>ora-</span> 
     </span>
     <span class='ocr_line' id='line_1_23' title="bbox 457 2003 1837 2090; baseline 0.002 -27"><span class='ocrx_word' id='word_1_155' title='bbox 457 2005 673 2075; x_wconf 83' lang='lat' dir='ltr'>tionis,</span> <span class='ocrx_word' id='word_1_156' title='bbox 703 2003 828 2062; x_wconf 89' lang='lat' dir='ltr'>odit</span> <span class='ocrx_word' id='word_1_157' title='bbox 856 2024 877 2076; x_wconf 87' lang='lat'>;</span> <span class='ocrx_word' id='word_1_158' title='bbox 916 2004 1220 2083; x_wconf 84' lang='lat' dir='ltr'>sanitatem</span> <span class='ocrx_word' id='word_1_159' title='bbox 1252 2021 1446 2068; x_wconf 89' lang='lat' dir='ltr'>autem</span> <span class='ocrx_word' id='word_1_160' title='bbox 1488 2006 1553 2066; x_wconf 89' lang='lat'>&amp;</span> <span class='ocrx_word' id='word_1_161' title='bbox 1588 2008 1837 2090; x_wconf 80' lang='lat' dir='ltr'>integri-</span> 
     </span>
     <span class='ocr_line' id='line_1_24' title="bbox 456 2084 1834 2165; baseline 0.003 -21"><span class='ocrx_word' id='word_1_162' title='bbox 456 2097 675 2157; x_wconf 81' lang='lat' dir='ltr'>tatem,</span> <span class='ocrx_word' id='word_1_163' title='bbox 711 2086 872 2165; x_wconf 86' lang='lat' dir='ltr'>quasi</span> <span class='ocrx_word' id='word_1_164' title='bbox 907 2085 1012 2146; x_wconf 88' lang='lat' dir='ltr'>reli</span> <span class='ocrx_word' id='word_1_165' title='bbox 1055 2088 1255 2147; x_wconf 86' lang='lat' dir='ltr'>ionem</span> <span class='ocrx_word' id='word_1_166' title='bbox 1299 2084 1363 2151; x_wconf 73' lang='grc' dir='ltr'>,δι</span> <span class='ocrx_word' id='word_1_167' title='bbox 1412 2087 1834 2148; x_wconf 78' lang='lat' dir='ltr'>verecundiam</span> 
     </span>
     <span class='ocr_line' id='line_1_25' title="bbox 460 2107 1836 2246; baseline 0.004 -21"><span class='ocrx_word' id='word_1_168' title='bbox 460 2165 707 2225; x_wconf 72' lang='lat' dir='ltr'>oratdris</span> <span class='ocrx_word' id='word_1_169' title='bbox 739 2166 952 2246; x_wconf 83' lang='lat' dir='ltr'>probat</span> <span class='ocrx_word' id='word_1_170' title='bbox 980 2107 1150 2227; x_wconf 51' lang='grc' dir='ltr'>εἷκε</span> <span class='ocrx_word' id='word_1_171' title='bbox 1182 2168 1444 2228; x_wconf 78' lang='lat' dir='ltr'>omnium</span> <span class='ocrx_word' id='word_1_172' title='bbox 1479 2167 1662 2230; x_wconf 85' lang='lat' dir='ltr'>debet</span> <span class='ocrx_word' id='word_1_173' title='bbox 1698 2191 1836 2230; x_wconf 88' lang='lat' dir='ltr'>ora-</span> 
     </span>
     <span class='ocr_line' id='line_1_26' title="bbox 460 2245 1369 2309; baseline -0.002 0"><span class='ocrx_word' id='word_1_174' title='bbox 460 2261 655 2309; x_wconf 82' lang='lat' dir='ltr'>torum</span> <span class='ocrx_word' id='word_1_175' title='bbox 686 2247 898 2307; x_wconf 86' lang='lat' dir='ltr'>eadem</span> <span class='ocrx_word' id='word_1_176' title='bbox 927 2245 1040 2308; x_wconf 85' lang='lat' dir='ltr'>esse</span> <span class='ocrx_word' id='word_1_177' title='bbox 1069 2245 1369 2307; x_wconf 88' lang='lat' dir='ltr'>sententia.</span> 
     </span>
    </p>

    <p class='ocr_par' dir='ltr' id='par_1_5' title="bbox 446 2325 1842 2813">
     <span class='ocr_line' id='line_1_27' title="bbox 543 2325 1832 2410; baseline 0.002 -25"><span class='ocrx_word' id='word_1_178' title='bbox 543 2325 685 2407; x_wconf 77' lang='lat'>285.</span> <span class='ocrx_word' id='word_1_179' title='bbox 727 2325 826 2387; x_wconf 88' lang='lat' dir='ltr'>Sin</span> <span class='ocrx_word' id='word_1_180' title='bbox 854 2344 1052 2388; x_wconf 83' lang='lat' dir='ltr'>autem</span> <span class='ocrx_word' id='word_1_181' title='bbox 1067 2325 1468 2410; x_wconf 78' lang='lat' dir='ltr'>jejunitatem,</span> <span class='ocrx_word' id='word_1_182' title='bbox 1508 2328 1573 2388; x_wconf 87' lang='lat'>&amp;</span> <span class='ocrx_word' id='word_1_183' title='bbox 1606 2330 1832 2389; x_wconf 88' lang='lat' dir='ltr'>siccita-</span> 
     </span>
     <span class='ocr_line' id='line_1_28' title="bbox 460 2407 1833 2488; baseline 0.002 -22"><span class='ocrx_word' id='word_1_184' title='bbox 460 2420 626 2479; x_wconf 76' lang='lat' dir='ltr'>tem,</span> <span class='ocrx_word' id='word_1_185' title='bbox 672 2407 735 2466; x_wconf 87' lang='lat'>&amp;</span> <span class='ocrx_word' id='word_1_186' title='bbox 781 2409 1079 2488; x_wconf 79' lang='lat' dir='ltr'>inopiam,</span> <span class='ocrx_word' id='word_1_187' title='bbox 1118 2407 1448 2467; x_wconf 78' lang='lat' dir='ltr'>dummodo</span> <span class='ocrx_word' id='word_1_188' title='bbox 1492 2410 1565 2467; x_wconf 84' lang='lat' dir='ltr'>sit</span> <span class='ocrx_word' id='word_1_189' title='bbox 1608 2410 1833 2488; x_wconf 85' lang='lat' dir='ltr'>polita,</span> 
     </span>
     <span class='ocr_line' id='line_1_29' title="bbox 463 2485 1836 2571; baseline 0 -22"><span class='ocrx_word' id='word_1_190' title='bbox 463 2485 605 2549; x_wconf 85' lang='lat' dir='ltr'>dum</span> <span class='ocrx_word' id='word_1_191' title='bbox 636 2486 887 2559; x_wconf 81' lang='lat' dir='ltr'>urbana,</span> <span class='ocrx_word' id='word_1_192' title='bbox 921 2485 1059 2546; x_wconf 88' lang='lat' dir='ltr'>dum</span> <span class='ocrx_word' id='word_1_193' title='bbox 1094 2487 1330 2569; x_wconf 84' lang='lat' dir='ltr'>elegans</span> <span class='ocrx_word' id='word_1_194' title='bbox 1349 2532 1369 2561; x_wconf 90' lang='lat'>‚</span> <span class='ocrx_word' id='word_1_195' title='bbox 1387 2555 1392 2560; x_wconf 21' lang='lat'><strong>¹</strong></span> <span class='ocrx_word' id='word_1_196' title='bbox 1413 2489 1475 2546; x_wconf 88' lang='lat' dir='ltr'>in</span> <span class='ocrx_word' id='word_1_197' title='bbox 1497 2487 1704 2548; x_wconf 91' lang='lat' dir='ltr'>Attico</span> <span class='ocrx_word' id='word_1_198' title='bbox 1734 2510 1836 2571; x_wconf 86' lang='lat' dir='ltr'>ge·</span> 
     </span>
     <span class='ocr_line' id='line_1_30' title="bbox 464 2566 1838 2649; baseline 0.001 -22"><span class='ocrx_word' id='word_1_199' title='bbox 464 2586 605 2627; x_wconf 87' lang='lat' dir='ltr'>nere</span> <span class='ocrx_word' id='word_1_200' title='bbox 637 2568 840 2645; x_wconf 83' lang='lat' dir='ltr'>ponit;</span> <span class='ocrx_word' id='word_1_201' title='bbox 877 2566 994 2627; x_wconf 91' lang='lat' dir='ltr'>hoc</span> <span class='ocrx_word' id='word_1_202' title='bbox 1034 2566 1192 2628; x_wconf 52' lang='lat' dir='ltr'>reste</span> <span class='ocrx_word' id='word_1_203' title='bbox 1227 2568 1545 2627; x_wconf 82' lang='lat' dir='ltr'>duntaxat:</span> <span class='ocrx_word' id='word_1_204' title='bbox 1572 2566 1679 2628; x_wconf 83' lang='lat' dir='ltr'>sed</span> <span class='ocrx_word' id='word_1_205' title='bbox 1706 2573 1838 2649; x_wconf 82' lang='lat' dir='ltr'>quia</span> 
     </span>
     <span class='ocr_line' id='line_1_31' title="bbox 446 2645 1840 2730; baseline -0.001 -20"><span class='ocrx_word' id='word_1_206' title='bbox 446 2645 589 2713; x_wconf 52' lang='lat' dir='ltr'>funt</span> <span class='ocrx_word' id='word_1_207' title='bbox 607 2649 666 2709; x_wconf 84' lang='lat' dir='ltr'>in</span> <span class='ocrx_word' id='word_1_208' title='bbox 687 2646 897 2706; x_wconf 74' lang='lat' dir='ltr'>Atticis</span> <span class='ocrx_word' id='word_1_209' title='bbox 917 2647 1027 2708; x_wconf 88' lang='lat' dir='ltr'>alia</span> <span class='ocrx_word' id='word_1_210' title='bbox 1041 2648 1293 2710; x_wconf 83' lang='lat' dir='ltr'>&#39;meliora</span> <span class='ocrx_word' id='word_1_211' title='bbox 1305 2647 1552 2720; x_wconf 58' lang='lat' dir='ltr'>§videat</span> <span class='ocrx_word' id='word_1_212' title='bbox 1574 2669 1653 2710; x_wconf 86' lang='lat' dir='ltr'>ne</span> <span class='ocrx_word' id='word_1_213' title='bbox 1671 2652 1840 2730; x_wconf 85' lang='lat' dir='ltr'>igno·</span> 
     </span>
     <span class='ocr_line' id='line_1_32' title="bbox 446 2727 1842 2813; baseline 0.002 -21"><span class='ocrx_word' id='word_1_214' title='bbox 446 2744 555 2793; x_wconf 38' lang='lat' dir='ltr'>‘tet</span> <span class='ocrx_word' id='word_1_215' title='bbox 585 2728 648 2793; x_wconf 70' lang='grc' dir='ltr'>ὃ(</span> <span class='ocrx_word' id='word_1_216' title='bbox 676 2727 919 2812; x_wconf 84' lang='lat' dir='ltr'>gradus,</span> <span class='ocrx_word' id='word_1_217' title='bbox 948 2729 1014 2793; x_wconf 88' lang='lat'>&amp;</span> <span class='ocrx_word' id='word_1_218' title='bbox 1035 2727 1519 2813; x_wconf 73' lang='lat' dir='ltr'>dissimilitudines</span> <span class='ocrx_word' id='word_1_219' title='bbox 1540 2729 1656 2812; x_wconf 55' lang='lat'>2&amp;</span> <span class='ocrx_word' id='word_1_220' title='bbox 1681 2732 1842 2811; x_wconf 64' lang='lat' dir='ltr'>vim-5,</span> 
     </span>
    </p>
   </div>
  </div>
 </body>
</html>
