<?xml version="1.0" encoding="UTF-8"?>
<!DOCTYPE html PUBLIC "-//W3C//DTD XHTML 1.0 Transitional//EN"
    "http://www.w3.org/TR/xhtml1/DTD/xhtml1-transitional.dtd">
<html xmlns="http://www.w3.org/1999/xhtml" xml:lang="en" lang="en">
 <head>
  <title>
</title>
<meta http-equiv="Content-Type" content="text/html;charset=utf-8" />
  <meta name='ocr-system' content='tesseract 3.04.00' />
  <meta name='ocr-capabilities' content='ocr_page ocr_carea ocr_par ocr_line ocrx_word'/>
</head>
<body>
  <div class='ocr_page' id='page_1' title='image "./mtulliiciceroni18unkngoog_0225.png"; bbox 0 0 2017 3634; ppageno 0'>
   <div class='ocr_carea' id='block_1_1' title="bbox 488 230 1513 309">
    <p class='ocr_par' dir='ltr' id='par_1_1' title="bbox 488 230 1513 309">
     <span class='ocr_line' id='line_1_1' title="bbox 488 230 1513 309; baseline 0.008 -10"><span class='ocrx_word' id='word_1_1' title='bbox 488 230 1145 302; x_wconf 72' lang='lat' dir='ltr'><strong><em>LIBERII.</em></strong></span> <span class='ocrx_word' id='word_1_2' title='bbox 1367 252 1513 309; x_wconf 88' lang='lat'>221</span> 
     </span>
    </p>
   </div>
   <div class='ocr_carea' id='block_1_2' title="bbox 131 392 1523 535">
    <p class='ocr_par' dir='ltr' id='par_1_2' title="bbox 131 392 1523 535">
     <span class='ocr_line' id='line_1_2' title="bbox 131 392 1523 517; baseline 0.002 -71"><span class='ocrx_word' id='word_1_3' title='bbox 131 392 307 446; x_wconf 62' lang='lat' dir='ltr'>Tanti·</span> <span class='ocrx_word' id='word_1_4' title='bbox 339 393 642 517; x_wconf 44' lang='lat' dir='ltr'>confidentia</span> <span class='ocrx_word' id='word_1_5' title='bbox 676 393 832 449; x_wconf 79' lang='lat' dir='ltr'>estis?</span> <span class='ocrx_word' id='word_1_6' title='bbox 874 398 1067 450; x_wconf 84' lang='lat' dir='ltr'>auferte</span> <span class='ocrx_word' id='word_1_7' title='bbox 1100 396 1232 449; x_wconf 83' lang='lat' dir='ltr'>istam</span> <span class='ocrx_word' id='word_1_8' title='bbox 1271 396 1400 448; x_wconf 82' lang='lat' dir='ltr'>enim</span> <span class='ocrx_word' id='word_1_9' title='bbox 1441 397 1523 449; x_wconf 83' lang='lat' dir='ltr'>su-</span> 
     </span>
     <span class='ocr_line' id='line_1_3' title="bbox 429 485 667 535; baseline 0.013 -17"><span class='ocrx_word' id='word_1_10' title='bbox 429 486 520 535; x_wconf 87' lang='lat' dir='ltr'>per</span> <span class='ocrx_word' id='word_1_11' title='bbox 554 485 667 521; x_wconf 76' lang='lat' dir='ltr'>ram.</span> 
     </span>
    </p>
   </div>
   <div class='ocr_carea' id='block_1_3' title="bbox 128 574 1522 900">
    <p class='ocr_par' dir='ltr' id='par_1_3' title="bbox 128 574 1522 900">
     <span class='ocr_line' id='line_1_4' title="bbox 130 574 1519 645; baseline 0.002 -5"><span class='ocrx_word' id='word_1_12' title='bbox 130 576 289 640; x_wconf 88' lang='lat' dir='ltr'>Nam</span> <span class='ocrx_word' id='word_1_13' title='bbox 327 579 389 638; x_wconf 86' lang='lat' dir='ltr'>in</span> <span class='ocrx_word' id='word_1_14' title='bbox 416 574 616 640; x_wconf 83' lang='lat' dir='ltr'>Coelio</span> <span class='ocrx_word' id='word_1_15' title='bbox 646 580 775 641; x_wconf 68' lang='lat' dir='ltr'>sane</span> <span class='ocrx_word' id='word_1_16' title='bbox 806 582 982 645; x_wconf 77' lang='lat' dir='ltr'>etiam</span> <span class='ocrx_word' id='word_1_17' title='bbox 1013 580 1086 641; x_wconf 88' lang='lat' dir='ltr'>ad</span> <span class='ocrx_word' id='word_1_18' title='bbox 1115 577 1341 642; x_wconf 87' lang='lat' dir='ltr'>causam</span> <span class='ocrx_word' id='word_1_19' title='bbox 1372 582 1519 643; x_wconf 84' lang='lat' dir='ltr'>utile</span> 
     </span>
     <span class='ocr_line' id='line_1_5' title="bbox 128 659 1522 745; baseline 0.006 -26"><span class='ocrx_word' id='word_1_20' title='bbox 128 659 234 719; x_wconf 84' lang='lat' dir='ltr'>fuit</span> <span class='ocrx_word' id='word_1_21' title='bbox 260 677 435 720; x_wconf 88' lang='lat' dir='ltr'>tuum</span> <span class='ocrx_word' id='word_1_22' title='bbox 453 661 595 720; x_wconf 87' lang='lat' dir='ltr'>illud</span> <span class='ocrx_word' id='word_1_23' title='bbox 616 707 635 735; x_wconf 93' lang='lat'><strong>‚</strong></span> <span class='ocrx_word' id='word_1_24' title='bbox 668 661 896 723; x_wconf 83' lang='lat' dir='ltr'>Antoni</span> <span class='ocrx_word' id='word_1_25' title='bbox 911 700 930 736; x_wconf 57' lang='lat'>9</span> <span class='ocrx_word' id='word_1_26' title='bbox 955 682 1135 742; x_wconf 85' lang='lat' dir='ltr'><strong>quum</strong></span> <span class='ocrx_word' id='word_1_27' title='bbox 1153 663 1253 725; x_wconf 89' lang='lat' dir='ltr'>ille</span> <span class='ocrx_word' id='word_1_28' title='bbox 1278 687 1310 723; x_wconf 93' lang='lat' dir='ltr'>a</span> <span class='ocrx_word' id='word_1_29' title='bbox 1327 663 1384 727; x_wconf 89' lang='lat' dir='ltr'>se</span> <span class='ocrx_word' id='word_1_30' title='bbox 1405 682 1522 745; x_wconf 52' lang='lat' dir='ltr'>perf</span> 
     </span>
     <span class='ocr_line' id='line_1_6' title="bbox 129 739 1520 837; baseline 0.004 -37"><span class='ocrx_word' id='word_1_31' title='bbox 129 743 364 836; x_wconf 72' lang='lat' dir='ltr'>cuniam</span> <span class='ocrx_word' id='word_1_32' title='bbox 383 739 709 837; x_wconf 64' lang='lat' dir='ltr'>perefz‘tam</span> <span class='ocrx_word' id='word_1_33' title='bbox 732 742 955 804; x_wconf 82' lang='lat' dir='ltr'>diceret</span> <span class='ocrx_word' id='word_1_34' title='bbox 972 740 1128 833; x_wconf 54' lang='lat' dir='ltr'>testi}</span> <span class='ocrx_word' id='word_1_35' title='bbox 1149 787 1169 816; x_wconf 90' lang='lat'>‚</span> <span class='ocrx_word' id='word_1_36' title='bbox 1190 744 1256 804; x_wconf 86' lang='lat'>&amp;</span> <span class='ocrx_word' id='word_1_37' title='bbox 1272 744 1520 806; x_wconf 86' lang='lat' dir='ltr'>haberet</span> 
     </span>
     <span class='ocr_line' id='line_1_7' title="bbox 128 820 1395 900; baseline 0.002 -17"><span class='ocrx_word' id='word_1_38' title='bbox 128 820 315 883; x_wconf 71' lang='lat' dir='ltr'>fillum</span> <span class='ocrx_word' id='word_1_39' title='bbox 341 820 741 885; x_wconf 71' lang='lat' dir='ltr'>delicanorem</span> <span class='ocrx_word' id='word_1_40' title='bbox 765 845 788 897; x_wconf 78' lang='lat'>3</span> <span class='ocrx_word' id='word_1_41' title='bbox 824 823 1080 885; x_wconf 86' lang='lat' dir='ltr'>abeunte</span> <span class='ocrx_word' id='word_1_42' title='bbox 1110 844 1228 900; x_wconf 74' lang='lat' dir='ltr'>lam</span> <span class='ocrx_word' id='word_1_43' title='bbox 1247 823 1351 885; x_wconf 85' lang='lat' dir='ltr'>illo</span> <span class='ocrx_word' id='word_1_44' title='bbox 1370 870 1395 897; x_wconf 87' lang='lat'><em>,</em></span> 
     </span>
    </p>
   </div>
   <div class='ocr_carea' id='block_1_4' title="bbox 197 945 1400 1016">
    <p class='ocr_par' dir='ltr' id='par_1_4' title="bbox 197 945 1400 1016">
     <span class='ocr_line' id='line_1_8' title="bbox 197 945 1400 1016; baseline -0.002 -16"><span class='ocrx_word' id='word_1_45' title='bbox 197 949 392 1000; x_wconf 77' lang='lat' dir='ltr'>Sentin’</span> <span class='ocrx_word' id='word_1_46' title='bbox 430 949 590 1000; x_wconf 79' lang='lat' dir='ltr'>senem</span> <span class='ocrx_word' id='word_1_47' title='bbox 629 948 724 1000; x_wconf 84' lang='lat' dir='ltr'>effe</span> <span class='ocrx_word' id='word_1_48' title='bbox 764 947 942 998; x_wconf 68' lang='lat' dir='ltr'>tastum</span> <span class='ocrx_word' id='word_1_49' title='bbox 974 947 1174 1016; x_wconf 77' lang='lat' dir='ltr'>triginta</span> <span class='ocrx_word' id='word_1_50' title='bbox 1208 947 1349 999; x_wconf 83' lang='lat' dir='ltr'>minis</span> <span class='ocrx_word' id='word_1_51' title='bbox 1375 945 1400 997; x_wconf 71' lang='grc' dir='ltr'><em>ἒ</em></span> 
     </span>
    </p>
   </div>
   <div class='ocr_carea' id='block_1_5' title="bbox 119 1064 1516 2929">
    <p class='ocr_par' dir='ltr' id='par_1_5' title="bbox 123 1064 1515 1698">
     <span class='ocr_line' id='line_1_9' title="bbox 208 1064 1515 1152; baseline 0.001 -23"><span class='ocrx_word' id='word_1_52' title='bbox 208 1068 354 1152; x_wconf 85' lang='lat'>258.</span> <span class='ocrx_word' id='word_1_53' title='bbox 415 1067 487 1130; x_wconf 88' lang='lat' dir='ltr'>In</span> <span class='ocrx_word' id='word_1_54' title='bbox 529 1070 645 1130; x_wconf 88' lang='lat' dir='ltr'>hoc</span> <span class='ocrx_word' id='word_1_55' title='bbox 736 1088 877 1129; x_wconf 83' lang='lat' dir='ltr'>enus</span> <span class='ocrx_word' id='word_1_56' title='bbox 926 1064 1316 1148; x_wconf 83' lang='lat' dir='ltr'>conjiciuntur</span> <span class='ocrx_word' id='word_1_57' title='bbox 1404 1090 1515 1135; x_wconf 80' lang='lat' dir='ltr'>ro-‚</span> 
     </span>
     <span class='ocr_line' id='line_1_10' title="bbox 124 1091 1400 1231; baseline 0 -19"><span class='ocrx_word' id='word_1_58' title='bbox 124 1152 376 1212; x_wconf 71' lang='lat' dir='ltr'>verbia:</span> <span class='ocrx_word' id='word_1_59' title='bbox 419 1167 482 1211; x_wconf 87' lang='lat' dir='ltr'>ut</span> <span class='ocrx_word' id='word_1_60' title='bbox 523 1149 665 1209; x_wconf 90' lang='lat' dir='ltr'>illud</span> <span class='ocrx_word' id='word_1_61' title='bbox 744 1151 985 1230; x_wconf 81' lang='lat' dir='ltr'>cipionis</span> <span class='ocrx_word' id='word_1_62' title='bbox 1009 1193 1031 1222; x_wconf 91' lang='lat'>‚</span> <span class='ocrx_word' id='word_1_63' title='bbox 1069 1170 1249 1231; x_wconf 88' lang='lat' dir='ltr'><strong>quum</strong></span> <span class='ocrx_word' id='word_1_64' title='bbox 1284 1091 1400 1212; x_wconf 59' lang='grc' dir='ltr'>Αίξ</span> 
     </span>
     <span class='ocr_line' id='line_1_11' title="bbox 130 1229 1512 1311; baseline -0.001 -18"><span class='ocrx_word' id='word_1_65' title='bbox 130 1252 343 1293; x_wconf 80' lang='lat' dir='ltr'>omnes</span> <span class='ocrx_word' id='word_1_66' title='bbox 418 1241 423 1245; x_wconf 77' lang='grc'><strong>’</strong></span> <span class='ocrx_word' id='word_1_67' title='bbox 458 1233 715 1292; x_wconf 87' lang='lat' dir='ltr'>ovincias</span> <span class='ocrx_word' id='word_1_68' title='bbox 756 1229 1038 1311; x_wconf 87' lang='lat' dir='ltr'>stipendia</span> <span class='ocrx_word' id='word_1_69' title='bbox 1082 1248 1409 1299; x_wconf 86' lang='lat' dir='ltr'>merentem</span> <span class='ocrx_word' id='word_1_70' title='bbox 1448 1231 1512 1293; x_wconf 85' lang='lat' dir='ltr'>se</span> 
     </span>
     <span class='ocr_line' id='line_1_12' title="bbox 127 1311 1511 1398; baseline 0.001 -25"><span class='ocrx_word' id='word_1_71' title='bbox 127 1334 338 1398; x_wconf 82' lang='lat' dir='ltr'>peragr</span> <span class='ocrx_word' id='word_1_72' title='bbox 420 1333 454 1373; x_wconf 86' lang='lat' dir='ltr'>e</span> <span class='ocrx_word' id='word_1_73' title='bbox 494 1312 832 1395; x_wconf 85' lang='lat' dir='ltr'>gloriaretur</span> <span class='ocrx_word' id='word_1_74' title='bbox 861 1356 882 1386; x_wconf 92' lang='lat'><strong>‚</strong></span> <span class='ocrx_word' id='word_1_75' title='bbox 925 1313 1090 1393; x_wconf 61' lang='grc' dir='ltr'>Αἶας</span> <span class='ocrx_word' id='word_1_76' title='bbox 1126 1311 1394 1392; x_wconf 74' lang='lat' dir='ltr'>afillnm,</span> <span class='ocrx_word' id='word_1_77' title='bbox 1442 1314 1511 1374; x_wconf 74' lang='grc' dir='ltr'>δι</span> 
     </span>
     <span class='ocr_line' id='line_1_13' title="bbox 124 1392 1512 1474; baseline 0.001 -22"><span class='ocrx_word' id='word_1_78' title='bbox 124 1412 348 1456; x_wconf 87' lang='lat' dir='ltr'>cetera.</span> <span class='ocrx_word' id='word_1_79' title='bbox 400 1392 606 1473; x_wconf 80' lang='lat' dir='ltr'>Quare</span> <span class='ocrx_word' id='word_1_80' title='bbox 641 1413 711 1455; x_wconf 91' lang='lat' dir='ltr'>ea</span> <span class='ocrx_word' id='word_1_81' title='bbox 746 1413 978 1474; x_wconf 83' lang='lat' dir='ltr'>quoque</span> <span class='ocrx_word' id='word_1_82' title='bbox 1000 1437 1024 1466; x_wconf 83' lang='lat'><em>‚</em></span> <span class='ocrx_word' id='word_1_83' title='bbox 1059 1393 1336 1472; x_wconf 84' lang='lat' dir='ltr'>quoniam</span> <span class='ocrx_word' id='word_1_84' title='bbox 1367 1413 1512 1453; x_wconf 86' lang='lat' dir='ltr'>mu-</span> 
     </span>
     <span class='ocr_line' id='line_1_14' title="bbox 124 1471 1511 1555; baseline -0.001 -20"><span class='ocrx_word' id='word_1_85' title='bbox 124 1477 273 1536; x_wconf 85' lang='lat' dir='ltr'>tatis&#39;</span> <span class='ocrx_word' id='word_1_86' title='bbox 298 1474 496 1536; x_wconf 84' lang='lat' dir='ltr'>verbis</span> <span class='ocrx_word' id='word_1_87' title='bbox 526 1495 648 1536; x_wconf 87' lang='lat' dir='ltr'>non</span> <span class='ocrx_word' id='word_1_88' title='bbox 686 1471 921 1555; x_wconf 82' lang='lat' dir='ltr'>poss&#39;unt</span> <span class='ocrx_word' id='word_1_89' title='bbox 951 1474 1201 1533; x_wconf 87' lang='lat' dir='ltr'>retinere</span> <span class='ocrx_word' id='word_1_90' title='bbox 1239 1471 1511 1539; x_wconf 85' lang='lat' dir='ltr'>eamdem</span> 
     </span>
     <span class='ocr_line' id='line_1_15' title="bbox 123 1551 1514 1633; baseline -0.001 -16"><span class='ocrx_word' id='word_1_91' title='bbox 123 1554 496 1619; x_wconf 84' lang='lat' dir='ltr'>venustatem</span> <span class='ocrx_word' id='word_1_92' title='bbox 509 1601 530 1630; x_wconf 92' lang='lat'>‚</span> <span class='ocrx_word' id='word_1_93' title='bbox 555 1577 678 1617; x_wconf 89' lang='lat' dir='ltr'>non</span> <span class='ocrx_word' id='word_1_94' title='bbox 702 1558 762 1615; x_wconf 87' lang='lat' dir='ltr'>in</span> <span class='ocrx_word' id='word_1_95' title='bbox 781 1575 845 1617; x_wconf 87' lang='lat' dir='ltr'>re</span> <span class='ocrx_word' id='word_1_96' title='bbox 862 1598 883 1626; x_wconf 88' lang='lat'>,</span> <span class='ocrx_word' id='word_1_97' title='bbox 906 1551 1008 1613; x_wconf 92' lang='lat' dir='ltr'>sed</span> <span class='ocrx_word' id='word_1_98' title='bbox 1024 1555 1084 1612; x_wconf 85' lang='lat' dir='ltr'>in</span> <span class='ocrx_word' id='word_1_99' title='bbox 1103 1552 1298 1615; x_wconf 80' lang='lat' dir='ltr'>verbis</span> <span class='ocrx_word' id='word_1_100' title='bbox 1320 1555 1514 1633; x_wconf 78' lang='lat' dir='ltr'>posita</span> 
     </span>
     <span class='ocr_line' id='line_1_16' title="bbox 127 1637 437 1698; baseline 0.003 -2"><span class='ocrx_word' id='word_1_101' title='bbox 127 1637 437 1698; x_wconf 86' lang='lat' dir='ltr'>ducantur.</span> 
     </span>
    </p>

    <p class='ocr_par' dir='ltr' id='par_1_6' title="bbox 119 1715 1516 2834">
     <span class='ocr_line' id='line_1_17' title="bbox 206 1715 1514 1800; baseline -0.001 -22"><span class='ocrx_word' id='word_1_102' title='bbox 206 1736 349 1800; x_wconf 86' lang='lat'>259.</span> <span class='ocrx_word' id='word_1_103' title='bbox 396 1715 494 1777; x_wconf 90' lang='lat' dir='ltr'>Est</span> <span class='ocrx_word' id='word_1_104' title='bbox 522 1720 694 1779; x_wconf 85' lang='lat' dir='ltr'>etiam</span> <span class='ocrx_word' id='word_1_105' title='bbox 712 1718 771 1777; x_wconf 86' lang='lat' dir='ltr'>in</span> <span class='ocrx_word' id='word_1_106' title='bbox 792 1716 983 1778; x_wconf 82' lang='lat' dir='ltr'>verbo</span> <span class='ocrx_word' id='word_1_107' title='bbox 1005 1716 1263 1799; x_wconf 87' lang='lat' dir='ltr'>positum</span> <span class='ocrx_word' id='word_1_108' title='bbox 1286 1736 1408 1776; x_wconf 89' lang='lat' dir='ltr'>non</span> <span class='ocrx_word' id='word_1_109' title='bbox 1429 1718 1514 1778; x_wconf 89' lang='lat' dir='ltr'>in·</span> 
     </span>
     <span class='ocr_line' id='line_1_18' title="bbox 122 1795 1514 1882; baseline -0.001 -24"><span class='ocrx_word' id='word_1_110' title='bbox 122 1796 330 1860; x_wconf 83' lang='lat' dir='ltr'>fulsum</span> <span class='ocrx_word' id='word_1_111' title='bbox 367 1818 550 1882; x_wconf 87' lang='lat' dir='ltr'>genus</span> <span class='ocrx_word' id='word_1_112' title='bbox 576 1844 595 1874; x_wconf 92' lang='lat'><strong>,</strong></span> <span class='ocrx_word' id='word_1_113' title='bbox 634 1819 708 1859; x_wconf 79' lang='lat' dir='ltr'>ex</span> <span class='ocrx_word' id='word_1_114' title='bbox 736 1818 849 1872; x_wconf 88' lang='lat' dir='ltr'>eo,</span> <span class='ocrx_word' id='word_1_115' title='bbox 889 1818 1071 1880; x_wconf 85' lang='lat' dir='ltr'><strong>quum</strong></span> <span class='ocrx_word' id='word_1_116' title='bbox 1102 1795 1176 1857; x_wconf 89' lang='lat' dir='ltr'>ad</span> <span class='ocrx_word' id='word_1_117' title='bbox 1215 1798 1462 1858; x_wconf 85' lang='lat' dir='ltr'>verbum</span> <span class='ocrx_word' id='word_1_118' title='bbox 1483 1842 1514 1874; x_wconf 69' lang='lat'><em>‚</em></span> 
     </span>
     <span class='ocr_line' id='line_1_19' title="bbox 123 1877 1501 1943; baseline -0.001 -3"><span class='ocrx_word' id='word_1_119' title='bbox 123 1901 245 1942; x_wconf 86' lang='lat' dir='ltr'>non</span> <span class='ocrx_word' id='word_1_120' title='bbox 284 1878 363 1941; x_wconf 88' lang='lat' dir='ltr'>ad</span> <span class='ocrx_word' id='word_1_121' title='bbox 389 1877 732 1943; x_wconf 87' lang='lat' dir='ltr'>sententiam</span> <span class='ocrx_word' id='word_1_122' title='bbox 767 1900 891 1941; x_wconf 87' lang='lat' dir='ltr'>rem</span> <span class='ocrx_word' id='word_1_123' title='bbox 926 1880 1049 1940; x_wconf 87' lang='lat' dir='ltr'>acci</span> <span class='ocrx_word' id='word_1_124' title='bbox 1094 1897 1193 1939; x_wconf 88' lang='lat' dir='ltr'>ere</span> <span class='ocrx_word' id='word_1_125' title='bbox 1222 1877 1501 1941; x_wconf 82' lang='lat' dir='ltr'>videare:</span> 
     </span>
     <span class='ocr_line' id='line_1_20' title="bbox 126 1957 1514 2045; baseline 0.001 -24"><span class='ocrx_word' id='word_1_126' title='bbox 126 1981 195 2021; x_wconf 86' lang='lat' dir='ltr'>ex</span> <span class='ocrx_word' id='word_1_127' title='bbox 233 1983 361 2045; x_wconf 87' lang='lat' dir='ltr'>quo</span> <span class='ocrx_word' id='word_1_128' title='bbox 390 1982 512 2023; x_wconf 86' lang='lat' dir='ltr'>uno</span> <span class='ocrx_word' id='word_1_129' title='bbox 546 1980 762 2044; x_wconf 85' lang='lat' dir='ltr'>genere</span> <span class='ocrx_word' id='word_1_130' title='bbox 796 1976 955 2022; x_wconf 87' lang='lat' dir='ltr'>totus</span> <span class='ocrx_word' id='word_1_131' title='bbox 995 1979 1031 2020; x_wconf 86' lang='lat' dir='ltr'>e</span> <span class='ocrx_word' id='word_1_132' title='bbox 1115 1957 1346 2033; x_wconf 87' lang='lat' dir='ltr'><strong>Tutor,</strong></span> <span class='ocrx_word' id='word_1_133' title='bbox 1387 1962 1514 2027; x_wconf 49' lang='lat' dir='ltr'>rui-2</span> 
     </span>
     <span class='ocr_line' id='line_1_21' title="bbox 123 2039 1506 2125; baseline 0.001 -23"><span class='ocrx_word' id='word_1_134' title='bbox 123 2061 249 2104; x_wconf 87' lang='lat' dir='ltr'>mus</span> <span class='ocrx_word' id='word_1_135' title='bbox 270 2060 446 2105; x_wconf 86' lang='lat' dir='ltr'>vetus</span> <span class='ocrx_word' id='word_1_136' title='bbox 468 2087 489 2115; x_wconf 89' lang='lat'>‚</span> <span class='ocrx_word' id='word_1_137' title='bbox 531 2041 757 2125; x_wconf 55' lang='lat' dir='ltr'>oppidi&gt;</span> <span class='ocrx_word' id='word_1_138' title='bbox 780 2042 1064 2102; x_wconf 86' lang='lat' dir='ltr'>ridiculus.</span> <span class='ocrx_word' id='word_1_139' title='bbox 1126 2039 1252 2103; x_wconf 89' lang='lat' dir='ltr'>Sed</span> <span class='ocrx_word' id='word_1_140' title='bbox 1277 2042 1429 2102; x_wconf 89' lang='lat' dir='ltr'>abeo</span> <span class='ocrx_word' id='word_1_141' title='bbox 1466 2063 1506 2103; x_wconf 77' lang='lat' dir='ltr'>a</span> 
     </span>
     <span class='ocr_line' id='line_1_22' title="bbox 122 2121 1516 2206; baseline 0 -24"><span class='ocrx_word' id='word_1_142' title='bbox 122 2126 350 2198; x_wconf 56' lang='lat' dir='ltr'>mimir,</span> <span class='ocrx_word' id='word_1_143' title='bbox 374 2126 601 2183; x_wconf 74' lang='lat' dir='ltr'>tantiim</span> <span class='ocrx_word' id='word_1_144' title='bbox 631 2143 811 2206; x_wconf 85' lang='lat' dir='ltr'>genus</span> <span class='ocrx_word' id='word_1_145' title='bbox 840 2121 1007 2201; x_wconf 78' lang='lat' dir='ltr'><strong>hujus</strong></span> <span class='ocrx_word' id='word_1_146' title='bbox 1042 2121 1261 2182; x_wconf 84' lang='lat' dir='ltr'>ridiculi</span> <span class='ocrx_word' id='word_1_147' title='bbox 1292 2124 1516 2203; x_wconf 76' lang='lat' dir='ltr'>insigni,</span> 
     </span>
     <span class='ocr_line' id='line_1_23' title="bbox 122 2199 1500 2288; baseline -0.003 -24"><span class='ocrx_word' id='word_1_148' title='bbox 122 2205 313 2288; x_wconf 65' lang='lat' dir='ltr'>aliqua</span> <span class='ocrx_word' id='word_1_149' title='bbox 332 2250 355 2277; x_wconf 92' lang='lat'>‚</span> <span class='ocrx_word' id='word_1_150' title='bbox 393 2205 456 2265; x_wconf 65' lang='grc' dir='ltr'>ὃς</span> <span class='ocrx_word' id='word_1_151' title='bbox 482 2203 622 2266; x_wconf 64' lang='lat' dir='ltr'>nota</span> <span class='ocrx_word' id='word_1_152' title='bbox 649 2224 715 2264; x_wconf 88' lang='lat' dir='ltr'>re</span> <span class='ocrx_word' id='word_1_153' title='bbox 737 2206 928 2263; x_wconf 86' lang='lat' dir='ltr'>notari</span> <span class='ocrx_word' id='word_1_154' title='bbox 958 2202 1128 2262; x_wconf 83' lang='lat' dir='ltr'><strong>volo.</strong></span> <span class='ocrx_word' id='word_1_155' title='bbox 1184 2199 1282 2260; x_wconf 88' lang='lat' dir='ltr'>Est</span> <span class='ocrx_word' id='word_1_156' title='bbox 1302 2219 1500 2271; x_wconf 66' lang='lat' dir='ltr'>autem</span> 
     </span>
     <span class='ocr_line' id='line_1_24' title="bbox 122 2279 1508 2367; baseline -0.004 -21"><span class='ocrx_word' id='word_1_157' title='bbox 122 2304 194 2345; x_wconf 80' lang='lat' dir='ltr'>ex</span> <span class='ocrx_word' id='word_1_158' title='bbox 247 2286 369 2346; x_wconf 88' lang='lat' dir='ltr'>hoc</span> <span class='ocrx_word' id='word_1_159' title='bbox 411 2304 626 2367; x_wconf 85' lang='lat' dir='ltr'>genere</span> <span class='ocrx_word' id='word_1_160' title='bbox 669 2282 813 2344; x_wconf 90' lang='lat' dir='ltr'>illud</span> <span class='ocrx_word' id='word_1_161' title='bbox 838 2329 856 2358; x_wconf 93' lang='lat'>‚</span> <span class='ocrx_word' id='word_1_162' title='bbox 907 2282 1070 2364; x_wconf 87' lang='lat' dir='ltr'>quod</span> <span class='ocrx_word' id='word_1_163' title='bbox 1112 2299 1216 2354; x_wconf 89' lang='lat' dir='ltr'>tu,</span> <span class='ocrx_word' id='word_1_164' title='bbox 1262 2279 1508 2357; x_wconf 77' lang='lat' dir='ltr'>Crasse,</span> 
     </span>
     <span class='ocr_line' id='line_1_25' title="bbox 120 2362 1506 2447; baseline -0.001 -21"><span class='ocrx_word' id='word_1_165' title='bbox 120 2387 198 2426; x_wconf 86' lang='lat' dir='ltr'>nu</span> <span class='ocrx_word' id='word_1_166' title='bbox 246 2386 309 2427; x_wconf 90' lang='lat' dir='ltr'>er</span> <span class='ocrx_word' id='word_1_167' title='bbox 345 2368 442 2440; x_wconf 86' lang='lat' dir='ltr'>ei,</span> <span class='ocrx_word' id='word_1_168' title='bbox 522 2367 577 2427; x_wconf 90' lang='lat' dir='ltr'>ui</span> <span class='ocrx_word' id='word_1_169' title='bbox 613 2382 674 2429; x_wconf 81' lang='lat' dir='ltr'>te</span> <span class='ocrx_word' id='word_1_170' title='bbox 722 2363 1021 2447; x_wconf 79' lang='lat' dir='ltr'>rogasset,</span> <span class='ocrx_word' id='word_1_171' title='bbox 1055 2382 1196 2421; x_wconf 87' lang='lat' dir='ltr'>num</span> <span class='ocrx_word' id='word_1_172' title='bbox 1223 2362 1332 2421; x_wconf 89' lang='lat' dir='ltr'>tibi</span> <span class='ocrx_word' id='word_1_173' title='bbox 1362 2380 1506 2424; x_wconf 85' lang='lat' dir='ltr'>mo-</span> 
     </span>
     <span class='ocr_line' id='line_1_26' title="bbox 119 2444 1516 2520; baseline -0.001 -14"><span class='ocrx_word' id='word_1_174' title='bbox 119 2445 175 2506; x_wconf 86' lang='lat' dir='ltr'>le</span> <span class='ocrx_word' id='word_1_175' title='bbox 227 2468 292 2507; x_wconf 89' lang='lat' dir='ltr'>us</span> <span class='ocrx_word' id='word_1_176' title='bbox 317 2445 462 2511; x_wconf 87' lang='lat' dir='ltr'>esset</span> <span class='ocrx_word' id='word_1_177' title='bbox 546 2464 742 2520; x_wconf 68' lang='lat' dir='ltr'>turus,</span> <span class='ocrx_word' id='word_1_178' title='bbox 777 2449 821 2505; x_wconf 87' lang='lat' dir='ltr'>si</span> <span class='ocrx_word' id='word_1_179' title='bbox 852 2445 925 2507; x_wconf 90' lang='lat' dir='ltr'>ad</span> <span class='ocrx_word' id='word_1_180' title='bbox 949 2462 1008 2506; x_wconf 90' lang='lat' dir='ltr'>te</span> <span class='ocrx_word' id='word_1_181' title='bbox 1041 2445 1195 2505; x_wconf 90' lang='lat' dir='ltr'>bene</span> <span class='ocrx_word' id='word_1_182' title='bbox 1231 2461 1367 2504; x_wconf 88' lang='lat' dir='ltr'>ante</span> <span class='ocrx_word' id='word_1_183' title='bbox 1404 2444 1516 2504; x_wconf 81' lang='lat' dir='ltr'><strong>lu·-</strong></span> 
     </span>
     <span class='ocr_line' id='line_1_27' title="bbox 124 2523 1503 2608; baseline -0.004 -17"><span class='ocrx_word' id='word_1_184' title='bbox 124 2545 259 2591; x_wconf 82' lang='lat' dir='ltr'>cem</span> <span class='ocrx_word' id='word_1_185' title='bbox 291 2525 538 2590; x_wconf 86' lang='lat' dir='ltr'>venisset</span> <span class='ocrx_word' id='word_1_186' title='bbox 572 2549 587 2587; x_wconf 76' lang='lat' dir='ltr'><strong><em>z</em></strong></span> <span class='ocrx_word' id='word_1_187' title='bbox 639 2531 722 2588; x_wconf 88' lang='lat' dir='ltr'>Tu</span> <span class='ocrx_word' id='word_1_188' title='bbox 763 2533 923 2603; x_wconf 73' lang='lat' dir='ltr'>verd,</span> <span class='ocrx_word' id='word_1_189' title='bbox 953 2523 1217 2608; x_wconf 79' lang='lat' dir='ltr'>inquisti,</span> <span class='ocrx_word' id='word_1_190' title='bbox 1255 2526 1503 2607; x_wconf 76' lang='lat' dir='ltr'><em>molestus</em></span> 
     </span>
     <span class='ocr_line' id='line_1_28' title="bbox 121 2606 1508 2690; baseline -0.005 -19"><span class='ocrx_word' id='word_1_191' title='bbox 121 2630 233 2671; x_wconf 82' lang='lat' dir='ltr'>uon</span> <span class='ocrx_word' id='word_1_192' title='bbox 268 2612 396 2669; x_wconf 82' lang='lat' dir='ltr'>eris.</span> <span class='ocrx_word' id='word_1_193' title='bbox 460 2607 688 2673; x_wconf 80' lang='lat' dir='ltr'>Iubebis</span> <span class='ocrx_word' id='word_1_194' title='bbox 721 2609 890 2690; x_wconf 82' lang='lat' dir='ltr'>igitur</span> <span class='ocrx_word' id='word_1_195' title='bbox 924 2628 1012 2681; x_wconf 84' lang='lat' dir='ltr'>te,</span> <span class='ocrx_word' id='word_1_196' title='bbox 1052 2609 1235 2687; x_wconf 85' lang='lat' dir='ltr'>inquit</span> <span class='ocrx_word' id='word_1_197' title='bbox 1254 2649 1275 2677; x_wconf 89' lang='lat'>‚</span> <span class='ocrx_word' id='word_1_198' title='bbox 1311 2606 1508 2684; x_wconf 79' lang='lat' dir='ltr'>ficsci-</span> 
     </span>
     <span class='ocr_line' id='line_1_29' title="bbox 120 2683 1511 2775; baseline -0.003 -28"><span class='ocrx_word' id='word_1_199' title='bbox 120 2691 236 2748; x_wconf 79' lang='lat' dir='ltr'>tari</span> <span class='ocrx_word' id='word_1_200' title='bbox 259 2691 292 2751; x_wconf 71' lang='grc' dir='ltr'><strong><em>ἔ</em></strong></span> <span class='ocrx_word' id='word_1_201' title='bbox 324 2689 392 2750; x_wconf 89' lang='lat'>&amp;</span> <span class='ocrx_word' id='word_1_202' title='bbox 420 2707 483 2751; x_wconf 88' lang='lat' dir='ltr'>tu</span> <span class='ocrx_word' id='word_1_203' title='bbox 504 2734 525 2765; x_wconf 86' lang='lat'><strong>,</strong></span> <span class='ocrx_word' id='word_1_204' title='bbox 559 2690 708 2752; x_wconf 68' lang='lat' dir='ltr'>Certe*</span> <span class='ocrx_word' id='word_1_205' title='bbox 737 2709 990 2775; x_wconf 78' lang='lat' dir='ltr'>negaram</span> <span class='ocrx_word' id='word_1_206' title='bbox 1020 2705 1069 2746; x_wconf 84' lang='lat' dir='ltr'>te</span> <span class='ocrx_word' id='word_1_207' title='bbox 1106 2687 1371 2765; x_wconf 73' lang='lat' dir='ltr'>molestum</span> <span class='ocrx_word' id='word_1_208' title='bbox 1392 2683 1511 2766; x_wconf 67' lang='lat' dir='ltr'>fic-</span> 
     </span>
     <span class='ocr_line' id='line_1_30' title="bbox 119 2786 330 2834; baseline -0.005 0"><span class='ocrx_word' id='word_1_209' title='bbox 119 2786 330 2834; x_wconf 66' lang='lat' dir='ltr'>mum·</span> 
     </span>
    </p>

    <p class='ocr_par' dir='ltr' id='par_1_7' title="bbox 138 2842 1175 2929">
     <span class='ocr_line' id='line_1_31' title="bbox 138 2842 1175 2929; baseline -0.007 -16"><span class='ocrx_word' id='word_1_210' title='bbox 138 2849 147 2857; x_wconf 78' lang='grc'><strong><em>’</em></strong></span> <span class='ocrx_word' id='word_1_211' title='bbox 1034 2842 1175 2929; x_wconf 78' lang='lat' dir='ltr'>Kiij</span> 
     </span>
    </p>
   </div>
   <div class='ocr_carea' id='block_1_6' title="bbox 1404 1151 1603 1210">
    <p class='ocr_par' dir='ltr' id='par_1_8' title="bbox 1404 1151 1603 1210">
     <span class='ocr_line' id='line_1_32' title="bbox 1404 1151 1603 1210; baseline 0 0"><span class='ocrx_word' id='word_1_212' title='bbox 1404 1151 1513 1210; x_wconf 83' lang='lat' dir='ltr'><strong>llus</strong></span> <span class='ocrx_word' id='word_1_213' title='bbox 1598 1162 1603 1167; x_wconf 88' lang='lat'>&#39;</span> 
     </span>
    </p>
   </div>
  </div>
 </body>
</html>
