2017 3634
464 290 1261 375 OnAroRtBUS.
1397 306 1547 387 505·

165 405 340 467 ¹fuum
361 403 606 467 studium
629 408 885 480 remisit,
921 426 1042 488 quo
1075 428 1108 467 a
1143 420 1330 487 puero
1362 405 1551 468 fuerat

172 485 475 560 incensus,
504 507 675 568 atque
725 489 787 546 in
831 490 1096 547 omnium
1130 507 1323 548 rerum
1361 489 1554 549 abun-

168 568 376 628 dantia
399 568 584 628 voluit
605 569 860 641 beatihs,
896 583 958 626 ut
990 565 1107 647 ipse
1147 569 1425 648 putabat,
1459 589 1555 629 re·

171 650 401 708 missihs
432 648 620 721 certe,
645 650 868 708 vivere.
896 645 1150 719 PrimuS,
1182 650 1244 707 ὃ(
1270 648 1551 710 secundus

173 749 360 788 annus
382 773 402 802 ‚
439 729 504 789 &
536 731 739 788 tertius
766 728 989 787 tantinm
1022 729 1183 809 quasi
1222 729 1297 788 de
1321 728 1553 809 piflurae

175 811 398 869 veteris
442 808 643 869 colore
700 807 1025 875 detraxerat
1049 852 1067 880 ,
1111 811 1389 888 quanthm
1429 831 1552 870 non

174 890 369 971 quivis
388 910 535 949 unus
552 908 625 950 ex
645 889 872 969 populo
888 933 906 962 ‚
921 886 1025 949 sed
1045 885 1395 949 existimator
1418 889 1557 950 doc—

179 985 277 1049 tus
294 1014 314 1042 ‚
353 970 762 1053 &intelligens
781 966 968 1049 poffet
987 967 1362 1050 cognoscere.
1399 969 1557 1030 Lon·

180 1051 310 1132 giiis
329 1065 521 1111 autem
539 1049 865 1131 procedens
880 1095 898 1123 ‚
918 1070 1095 1131 quum
1113 1051 1172 1108 in
1192 1053 1397 1111 ceteris
1418 1050 1557 1111 elo-

179 1133 433 1212 quentiae
473 1129 760 1210 partibus»,
793 1147 915 1189 tum
954 1130 1205 1189 maxime
1239 1133 1300 1190 in
1345 1126 1556 1192 celeriss

176 1227 306 1270 tate
344 1211 406 1271 &
438 1212 872 1270 continuatione
911 1210 1227 1270 verborum
1272 1211 1558 1272 adhaeres-

180 1310 325 1351 cens
345 1336 365 1366 ,
398 1289 479 1352 sui
516 1289 844 1350 dissimilior
890 1288 1198 1351 videbatur
1238 1287 1364 1351 fieri
1400 1313 1557 1373 quo-

172 1370 345 1433 tidie.

176 1456 185 1467 '
273 1468 406 1531 32¹·
463 1449 593 1512 Nos
650 1466 845 1510 autem
904 1470 1027 1510 non
1102 1448 1509 1512 desistebamus
1530 1494 1553 1527 ‚

181 1552 368 1615 quum
429 1534 592 1592 omni
644 1549 857 1614 genere
918 1532 1343 1592 exercitationis
1369 1577 1387 1603 ‚
1429 1549 1555 1594 tum

183 1612 438 1679 maxime
475 1611 641 1684 stilo,
674 1609 928 1671 nostrum
964 1611 1105 1669 illud
1127 1656 1146 1683 ‚
1194 1611 1355 1693 quod
1392 1629 1556 1689 etat,

181 1712 401 1774 augere
419 1737 440 1766 ‚
464 1708 989 1774 quantumcumque
1021 1709 1163 1752 erat.
1207 1693 1402 1773 Atque
1431 1738 1450 1765 ‚
1491 1713 1556 1755 ut

182 1773 371 1835 multa
414 1777 678 1833 omittam
706 1817 726 1846 ,
770 1775 830 1832 in
867 1772 982 1832 hoc
1019 1771 1241 1853 spatio,
1288 1774 1346 1833 ὅ(
1396 1776 1454 1832 in
1484 1779 1557 1835 iis

140 1904 166 1921 χ
183 1852 320 1939 post
347 1853 678 1933 aedilitatern
707 1856 867 1913 annis
889 1897 912 1925 ,
956 1852 1022 1912 &
1046 1869 1260 1933 praetor
1292 1855 1508 1934 primus
1534 1897 1557 1930 ,

187 1936 257 1995 ὅ(
280 1934 593 1994 incredibili
611 1934 874 2016 populari
893 1932 1194 1995 voluntate
1216 1932 1337 1992 sum
1357 1933 1555 1998 faetus.

186 2014 348 2077 Nam
372 2035 548 2097 quum
575 2032 818 2096 propter
867 2015 1259 2074 assiduitatem
1288 2017 1343 2074 in
1376 2020 1557 2077 causis

191 2097 259 2158 &
279 2094 606 2155 industriam
627 2140 645 2168 ‚
673 2114 796 2154 tum
823 2113 1064 2176 propter
1091 2098 1414 2174 exquisitius
1437 2142 1457 2167 ‚
1488 2100 1556 2158 Sc

185 2177 427 2238 minime
465 2175 564 2234 vul
607 2194 703 2234 are
741 2176 1018 2236 orationis
1058 2194 1237 2256 genus
1263 2218 1283 2246 ‚
1328 2179 1557 2239 animos

183 2258 492 2320 hominum
523 2279 556 2315 a
625 2274 721 2314 me
757 2256 989 2318 dicendi
1020 2257 1282 2315 novitate
1304 2276 1559 2319 conver-

180 2356 394 2401 teram.

194 2442 207 2453 *
276 2436 410 2498 32²·
454 2415 611 2476 Nihil
644 2415 720 2476 de
749 2435 847 2477 me
882 2415 1069 2476 dicam
1105 2437 1121 2476 τ
1156 2416 1344 2475 dicam
1371 2416 1444 2479 de
1465 2436 1562 2481 ce-

182 2503 325 2562 teris
350 2544 370 2569 ‚
404 2517 652 2578 quotum
693 2516 870 2555 nemo
918 2512 1040 2556 erat
1070 2541 1090 2570 ‚
1141 2501 1238 2577 qui
1263 2497 1561 2561 videretur

185 2578 547 2658 exquisitim,
567 2575 742 2654 quhm
757 2575 962 2656 vulgus
977 2577 1302 2651 hominum,
1317 2576 1560 2641 {induis--¹

186 2659 251 2721 fe
280 2657 482 2716 litteris
504 2699 523 2727 ‚
560 2656 764 2734 quibus
792 2653 925 2712 fons
959 2655 1227 2734 pei-festae
1266 2658 1556 2739 eloquen-

187 2741 291 2801 tiae
329 2736 657 2795 continetur
695 2754 710 2792 z
754 2753 974 2804 nemo,
1014 2738 1110 2813 qui
1137 2738 1558 2822 philosophiam

192 2814 539 2897 complexus
576 2812 755 2888 esset,
796 2830 1044 2876 matrem
1096 2820 1356 2879 omnium
1407 2825 1559 2897 hene

274 2903 482 2982 „Tamus
520 2897 556 2958 l
568 2900 617 2959 l.
1263 2897 1320 2958 Y
