2017 3634
454 248 596 355 726
792 281 950 351 DE
1018 279 1618 372 onai-ona,

488 397 626 461 litos
657 418 672 458 z
716 395 816 462 vel
840 394 1020 459 nostri
1044 442 1065 472 ,
1105 396 1473 461 decemviros
1584 396 1604 454 i
1636 392 1753 456 XII
1781 406 1875 459 taae‘

485 479 653 539 bulas
677 478 1121 561 perscripserunt
1138 524 1156 552 ,
1182 500 1331 561 quos
1353 416 1583 540 necea:
1594 475 1675 539 est
1698 477 1874 540 fuiffe

530 559 804 621 rudentes
824 605 842 635 ,
891 578 1026 621 ante
1112 577 1253 620 nant
1293 561 1355 619 in
1391 559 1506 620 hoc
1534 578 1751 641 genere
1793 560 1868 620 &-

484 581 613 702 ξεῖ.
645 639 853 702 Galbae
868 671 897 716 ,>
919 642 982 703 ὃ(
1034 660 1214 702 ocero
1234 658 1341 701 tuo
1365 638 1442 700 C.
1468 640 1683 714 Laelio,
1711 661 1867 723 quos

485 719 711 785 constat
762 721 997 784 dicendi
1079 722 1225 782 lotia
1264 719 1596 804 praestitisse.
1661 720 1868 782 Num-

483 823 662 885 quam
706 806 866 877 enim
909 823 1061 887 nega
1105 825 1143 863 o
1165 848 1186 878 ,
1238 801 1352 864 esse
1391 802 1673 883 quasdam
1706 819 1865 864 artes

482 886 750 967 proprias
770 904 977 945 eorum
994 930 1016 959 ‚
1060 887 1159 965 qui
1184 886 1245 944 in
1271 885 1359 944 his
1397 882 1820 967 cognoscendis
1840 926 1865 959 ‚

482 983 660 1047 atque
694 965 1002 1028 traamdis
1039 962 1284 1027 studium
1319 963 1481 1025 suum
1518 984 1697 1025 omne
1735 985 1864 1046 po·-

482 1045 716 1107 suerunt
743 1067 758 1105 t
802 1044 902 1106 sed
926 1064 1226 1107 oratorem
1248 1046 1488 1127 plenum
1515 1063 1689 1126 atque
1716 1067 1864 1127 per·-

481 1125 699 1188 feRum
734 1125 849 1188 esse
884 1140 1021 1188 eum
1058 1127 1250 1188 dicam
1272 1172 1292 1201 ‚
1337 1130 1436 1209 qui
1470 1128 1543 1187 de
1582 1127 1859 1188 omnibus

480 1207 654 1269 rebus
718 1210 859 1268 ossit
874 1209 1035 1269 varie
1057 1253 1077 1283 ‚
1113 1206 1466 1290 copioseque
1492 1207 1707 1269 dicere.

563 1287 652 1348 XI
718 1330 735 1350 .
776 1287 1012 1351 Etenim
1055 1288 1204 1371 saepe
1240 1292 1302 1349 in
1341 1292 1408 1349 iis
1447 1291 1629 1350 causis
1650 1333 1670 1362 ,
1709 1309 1862 1370 quas

480 1389 690 1435 omnes
716 1372 981 1453 proprias
999 1369 1116 1435 ‚esse
1138 1386 1440 1431 oratorum
1467 1368 1860 1446 confitentur,

479 1449 565 1512 est
582 1450 796 1534 aliquid
811 1495 831 1526 ,
852 1450 1017 1534 quod
1037 1473 1162 1513 non
1179 1470 1255 1513 ex
1272 1449 1374 1511 usu
1393 1450 1649 1525 forensi,
1755 1460 1858 1513 em

478 1531 667 1593 solum
692 1535 1022 1596 oratoribus
1045 1531 1364 1597 conceditis
1381 1577 1403 1607 ‚
1426 1531 1528 1593 sed
1554 1552 1626 1593 ex
1644 1554 1688 1592 o
1754 1554 1862 1593 cu*

479 1616 636 1675 tiore
663 1613 851 1694 aliqua
874 1613 1110 1675 scientia
1121 1616 1206 1675 „sit
1217 1613 1616 1696 promendum
1627 1655 1653 1685 ,
1674 1630 1856 1696 atque

476 1691 842 1761 sumendum.
1094 1704 1101 1711 '

488 1837 503 1851 e
538 1773 664 1834 -60.
706 1772 931 1854 Quaero
954 1775 1112 1837 enim
1131 1817 1151 1848 ‚
1177 1795 1330 1837 num
1355 1774 1541 1855 possit
1562 1790 1660 1833 aut
1693 1794 1855 1835 con-

480 1870 569 1935 tra
591 1857 1008 1936 imperatorem
1032 1900 1053 1930 ,
1092 1873 1191 1916 aut
1212 1876 1323 1938 pro
1350 1858 1706 1936 imperatore
1737 1856 1858 1918 dici

479 1936 605 1996 sine
634 1936 993 1998 reimilitaris
1025 1935 1160 2011 usu,
1199 1955 1299 1998 aut
1324 1934 1475 2017 saepe
1510 1939 1684 1998 etiam
1724 1939 1856 1999 sine

476 2017 786 2098 regionum
851 2015 1203 2079 terrestrium
1265 2033 1364 2077 aut
1434 2019 1856 2080 maritimarum

474 2095 710 2158 scientia
729 2119 746 2165 ;
775 2097 1096 2180 numapud
1115 2098 1401 2180 populum
1413 2099 1501 2158 .de
1516 2098 1738 2180 legibus
1756 2096 1856 2178 ju-

474 2178 724 2253 bendi5‚
776 2196 874 2241 aut
902 2179 1210 2254 vetandis,
1260 2181 1496 2239 numia
1529 2178 1729 2241 senatu
1772 2180 1853 2242 de

475 2262 640 2321 omni
685 2255 1014 2342 reipublicae
1053 2279 1267 2342 genere
1313 2259 1427 2325 ,dici
1462 2260 1586 2320 sine
1623 2258 1853 2323 summa

474 2361 670 2421 rerum
727 2342 982 2404 civilium
1031 2342 1371 2422 cognitione
1391 2384 1412 2415 ,
1469 2341 1534 2400 &
1578 2339 1856 2421 pruden-

475 2422 556 2497 tia
585 2443 600 2481 ε
642 2441 785 2480 num
810 2421 1118 2483 admoveri
1155 2424 1339 2501 possit
1376 2421 1565 2482 oratio
1603 2420 1680 2481 ad
1709 2420 1858 2484 »sen-

474 2499 562 2564 sus
605 2503 937 2562 animorum
959 2533 1001 2576 ,·
1028 2518 1202 2582 atque
1241 2519 1436 2562 motus
1474 2501 1576 2562 vel
1613 2502 1856 2563 inflam-

425 2602 435 2609 ’
473 2582 759 2657 mandes,
799 2583 899 2644 vel
938 2583 1118 2656 etiarn
1155 2580 1603 2666 exstinguendos
1652 2581 1854 2664 (quod

472 2685 653 2743 unum
685 2666 747 2727 in
778 2682 1023 2729 oratore
1049 2665 1409 2736 dominatur)
1449 2666 1572 2725 sine
1596 2663 1855 2747 diligen-

470 2746 719 2817 tissima,
756 2744 1248 2828 pervestigatione
1297 2765 1515 2812 earum
1574 2748 1850 2808 omnium

468 2828 761 2901 rationum
780 2872 804 2905 ,
861 2849 993 2911 quae
1030 2826 1109 2895 de
1124 2827 1358 2913 ,naturis
1392 2825 1629 2896 humani
1660 2846 1852 2912 genef
