2017 3634
531 316 682 407 ¹90
826 312 987 383 D&
1054 311 1279 382 ORA
1316 313 1604 383 roms-

513 418 1039 513 collacrymzitione
1084 430 1334 513 denique
1384 427 1731 493 ostenderis.
1809 427 1896 495 Ut'

512 514 676 574 enim
714 513 871 573 nulla
913 530 1185 572 materies
1228 528 1349 571 tam
1387 511 1571 573 facilis
1611 513 1688 574 ad
1726 535 1896 576 exar-

512 592 873 657 descendum
916 592 1039 668 est,
1081 613 1249 675 quae,
1293 594 1404 652 nisi
1436 594 1687 656 admoto
1733 597 1889 679 igni,
1979 630 1980 673 3

511 675 712 756 ignem
758 677 1072 757 concipere
1115 676 1299 755 possit
1320 694 1340 747 ;
1398 676 1480 735 sic
1519 676 1679 737 nulla
1726 698 1888 739 mens
1979 686 1980 753 ξ

510 755 599 816 est
626 773 746 817 tam
777 757 853 817 ad
880 754 1499 837 comprehendendam
1533 759 1659 817 vim
1690 775 1889 820 orato-

512 838 587 897 εἰς
613 857 847 918 pacata,
871 859 1001 919 quae
1025 838 1211 918 possit
1230 836 1492 911 incendi,
1520 840 1629 899 nisi
1658 840 1894 901 inflama

511 935 701 979 matus
725 921 745 978 i
788 918 848 981 se
871 918 948 979 ad
971 939 1102 979 &nm
1118 962 1138 992 ,
1169 916 1235 977 δι
1252 917 1462 977 ardens
1477 918 1795 982 accesserit.

595 998 705 1059 XL
772 1000 817 1060 Ι.
858 1001 996 1073 Ac,
1041 1019 1117 1060 ne
1159 997 1318 1060 fort&
1353 999 1471 1058 hoc
1506 1020 1794 1084 magnum
1825 1022 1890 1063 ae

507 1081 773 1142 mirabile
816 1079 930 1141 esse
973 1080 1244 1143 videatur
1279 1124 1300 1154 ‚
1367 1081 1669 1143 bominem
1715 1087 1888 1144 toties

502 1159 664 1221 irasci
703 1206 722 1236 ,
772 1164 949 1222 toties
991 1161 1198 1223 dolere
1221 1206 1244 1234 ‚
1290 1165 1466 1223 toties
1502 1167 1666 1224 omni
1710 1166 1886 1239 animi

510 1259 678 1305 motu
703 1245 975 1302 concitari
990 1288 1009 1317 ‚
1040 1242 1348 1324 praesertim
1372 1245 1431 1303 in
1452 1243 1622 1305 rebus
1647 1245 1853 1308 alienis
1861 1267 1882 1320 3
1979 1290 1982 1311 ¹2

508 1343 722 1407 magna
746 1326 836 1384 vis
872 1322 954 1387 est
987 1344 1186 1385 earum
1213 1322 1618 1385 sententiarum
1640 1371 1660 1399 ,
1710 1344 1883 1409 atque

507 1423 719 1464 eorum
743 1405 1049 1479 locorum,
1088 1426 1238 1487 quos
1274 1425 1409 1487 agas
1436 1405 1762 1490 tradesque
1799 1409 1886 1468 di-

505 1486 702 1548 cendo
720 1531 740 1562 ,
773 1502 839 1546 ut
866 1485 1006 1547 nihil
1039 1507 1188 1568 opus
1212 1487 1284 1546 sit
1306 1486 1674 1550 simulatione
1697 1490 1768 1549 δι
1787 1488 1886 1549 fal-

505 1566 666 1627 hciis
704 1588 720 1626 ε
769 1567 888 1662 ipsa
930 1569 1091 1628 enim
1132 1583 1336 1628 natura
1374 1570 1656 1629 orationis
1701 1567 1834 1650 ejus
1853 1612 1878 1644 ‚

501 1668 635 1728 quae
668 1646 960 1729 suscipitur
985 1648 1064 1708 ad
1087 1648 1334 1709 aliorum
1370 1649 1599 1711 animos
1631 1669 1881 1732 permo-

501 1728 756 1802 vendos,
776 1746 1075 1790 oratorem
1090 1729 1273 1810 ipsum
1287 1731 1470 1813 magis
1489 1733 1689 1807 etiam,
1704 1732 1877 1813 quim

502 1828 858 1891 quemquam
915 1828 1123 1871 cotum
1152 1854 1175 1883 ,
1233 1812 1333 1894 qui
1389 1811 1629 1874 audiunt
1652 1859 1673 1889 ,
1734 1834 1880 1897 per-

499 1908 731 1951 movet.

592 1989 725 2051 ¹92·
769 1969 846 2033 Et
880 1992 957 2034 ne
989 1971 1108 2032 hoc
1141 1974 1201 2033 in
1245 1974 1428 2033 causis
1448 2018 1469 2048 ,
1503 1974 1563 2033 in
1605 1971 1876 2049 ’udiciis‚

496 2054 558 2114 in
585 2054 906 2115 amicorum
932 2053 1202 2134 periculis
1222 2099 1242 2127 ‚
1278 2055 1339 2113 in
1368 2075 1555 2115 conen
1610 2078 1648 2116 u
1681 2055 1876 2117 homi-

496 2155 639 2194 num
658 2178 678 2208 ‚
724 2137 785 2194 in
825 2137 1059 2196 civitate
1074 2180 1092 2209 ‚
1126 2139 1188 2194 in
1220 2133 1360 2195 foro
1385 2136 1653 2197 accidere
1686 2140 1869 2198 mire·-

498 2236 661 2290 mm,
817 2236 876 2275 m
906 2218 1091 2298 agitur
1126 2237 1246 2276 non
1281 2213 1467 2276 solinn
1488 2218 1709 2298 ingenii
1729 2240 1874 2280 nos·

492 2299 568 2358 tri
591 2235 933 2358 exiffiatio
967 2295 1144 2377 (nam
1168 2296 1230 2356 id
1253 2294 1394 2357 effet
1415 2295 1634 2358 levius:
1748 2321 1871 2360 am-

491 2394 670 2459 quam
688 2421 708 2451 ,
742 2396 921 2459 quum
954 2375 1240 2458 profess‘us
1259 2380 1333 2439 sis
1352 2422 1373 2451 ‚
1406 2393 1469 2438 te
1500 2379 1563 2438 id
1588 2400 1674 2459 po
1720 2400 1754 2441 e
1775 2379 1866 2440 fa·

491 2478 661 2531 cete,
765 2458 848 2518 od
910 2460 1074 2531 auci,
1105 2478 1183 2518 ne
1206 2458 1267 2517 id
1295 2458 1536 2539 quidem
1561 2461 1720 2544 negli
1761 2480 1872 2522 en·

492 2541 633 2600 dum
746 2536 856 2620 )se
915 2538 1026 2598 alia
1043 2537 1169 2598 sunt
1191 2536 1415 2614 majora
1433 2540 1657 2616 multi),
1766 2562 1864 2616 es,

489 2619 750 2682 officium
765 2663 785 2694 ‚
813 2618 1142 2702 diligentia:
1176 2620 1381 2700 quibus
1398 2621 1571 2682 nebus
1592 2623 1826 2684 adduffi
1840 2667 1861 2697 ,

488 2704 664 2764 etiam
689 2721 869 2782 quum
900 2702 1279 2778 alienissimos
1312 2700 1679 2764 defendimus
1768 2724 1863 2763 ta·-

486 2804 626 2843 men
642 2802 748 2843 eos
768 2783 989 2843 alienos
1012 2826 1033 2856 ‚
1070 2785 1118 2842 si
1148 2783 1258 2861 ipsi
1278 2783 1389 2841 viri
1417 2781 1563 2843 boni
1584 2805 1667 2846 vo
1730 2793 1858 2846 mus

487 2863 725 2938 haberi,
759 2860 1082 2925 existimate
1110 2883 1233 2925 non
1258 2860 1576 2944 postumus.
