2017 3634
420 181 582 280 ‘396
714 182 897 253 De
974 183 1130 253 εἰ·
1172 196 1240 251 Α·
1282 200 1337 251 n
1371 196 1426 252 't
1473 202 1534 252 s.

422 302 518 363 hic
548 304 660 374 ait,
697 320 875 385 quem
904 321 1017 361 nos
1050 298 1380 382 sequimur:
1419 298 1506 360 est
1537 288 1709 364 enim
1733 296 1838 361 insi

424 398 517 444 ter
542 382 844 465 scriptores
865 382 938 442 de
969 401 1217 442 nurnero
1243 402 1532 442 annorum
1561 398 1836 443 contro·-

425 467 637 527 versia.
689 463 904 523 Accius
929 479 1130 523 autern
1164 484 1200 522 a
1230 461 1318 542 Q.
1346 461 1621 524 Maximo
1648 465 1836 544 quin·-

422 547 551 607 tum
594 544 827 606 consule
870 561 1106 625 captum
1141 541 1406 603 Tarento
1440 542 1547 604 scri
1592 546 1674 604 sit
1714 543 1832 603 Li-

422 628 586 689 vium
614 629 777 685 antiis
813 634 1002 699 xxx,
1032 622 1340 707 postquam
1373 644 1526 685 eum·
1606 624 1824 685 hulam

420 705 681 777 decuisse
720 707 784 768 δ’(
826 705 1059 769 Atticus
1090 704 1280 766 scribit
1300 750 1320 779 ,
1359 705 1426 766 &
1456 727 1572 768 nos
1604 708 1674 767 in
1705 727 1842 767 an·-

417 790 597 871 tiquis
629 790 1063 849 commentariis
1095 790 1446 848 invenimus.

505 888 610 950 73.
652 867 932 932 Docuiffe
964 886 1161 929 autem
1195 868 1453 928 fabulam
1478 869 1649 928 annis
1685 865 1822 949 pest

424 969 527 1013 xl.
555 950 633 1013 C.
667 950 951 1013 Cornelio
974 995 992 1025 ,
1028 949 1114 1030 Q.
1151 949 1415 1010 Minucio
1442 948 1834 1022 consulibus,

419 1032 574 1093 ludis
615 1032 938 1095 Iuventatis
971 1078 991 1106 ‚
1048 1053 1197 1114 quos
1235 1029 1525 1091 Salinator
1560 1028 1818 1092 Senensi

418 1115 635 1196 proelio
663 1130 936 1176 voverat.
995 1109 1067 1172 In
1091 1133 1210 1195 quo
1235 1128 1425 1173 tantus
1451 1131 1617 1173 error
1645 1111 1815 1172 Accii

418 1194 530 1255 fuit
542 1226 572 1268 ·,
607 1209 706 1269 ut,
738 1196 826 1255 his
848 1194 1177 1256 consulibus
1197 1238 1217 1268 ‚
1264 1211 1374 1255 xt.
1411 1214 1602 1254 annos
1644 1211 1816 1254 natus

419 1274 642 1337 Ennius
663 1275 871 1338 fuerit:
909 1278 1002 1337 cui
1034 1278 1081 1335 si
1102 1275 1330 1357 aequalis
1364 1272 1539 1335 fuerit
1570 1273 1774 1336 Livius
1790 1319 1811 1350 ‚

417 1359 616 1419 minor
648 1356 754 1418 fuit
783 1358 1075 1440 aliquanti>
1106 1359 1154 1416 is
1184 1357 1527 1437 qui-primus
1548 1353 1809 1416 fabulam

356 1438 379 1453 ⁸
416 1438 622 1514 dedit,
699 1440 835 1503 uam
860 1443 938 1512 ii,
1019 1441 1078 1498 ui
1097 1437 1654 1498 multas-docuerant
1670 1453 1824 1499 ante*

415 1518 528 1582 hos
553 1461 854 1596 coniules,
899 1522 964 1582 &
1040 1520 1226 1580 lautus
1246 1564 1265 1594 ,
1302 1519 1369 1580 &
1391 1517 1658 1580 NaeviuS.

501 1601 671 1663 XIX.
716 1602 863 1663 Haec
899 1604 947 1663 si
981 1602 1169 1663 minus
1204 1615 1338 1682 apta
1370 1599 1650 1664 videntur
1672 1601 1820 1661 huic·

410 1679 711 1757 sermoni,
753 1683 929 1745 Brute
952 1727 983 1756 ,.
1016 1683 1222 1743 Attico
1261 1683 1486 1764 assigna
1508 1727 1527 1753 ‚
1567 1684 1671 1764 qui
1709 1702 1804 1744 me

406 1763 796 1830 inflammavit
817 1762 1004 1824 studio
1028 1761 1325 1824 illustrium
1346 1763 1656 1824 hominum
1679 1782 1810 1825 aetae

405 1857 501 1904 tes
524 1846 589 1906 &
608 1861 881 1927 tempora
901 1843 1307 1926 persequendi.
1346 1842 1479 1927 Ego
1502 1846 1651 1906 verb
1671 1890 1691 1920 ‚
1716 1848 1812 1906 in-

405 1926 534 2018 quit
569 1925 821 1999 Brutus,
868 1926 934 1985 &
980 1924 1243 1986 deleRm·
1275 1923 1377 1986 ista
1421 1924 1587 2008 quasi
1631 1944 1818 1986 nota-a

403 2019 570 2066 tione
610 2022 994 2087 temporum,
1047 2005 1114 2066 &
1162 2006 1239 2067 ad
1284 2007 1389 2079 id,
1428 2007 1599 2089 quod
1638 2005 1800 2066 insti-.-
1835 2008 1842 2015 ”

405 2078 595 2160 misti,
635 2104 937 2148 oratorum
974 2105 1193 2168 genera
1233 2086 1582 2170 distinguere
1614 2089 1803 2148 aetati-

402 2165 512 2228 bus
530 2212 553 2243 ,
581 2165 747 2230 istam
771 2168 1135 2251 diligentiam
1156 2166 1269 2230 esse
1285 2168 1817 2231 accommodatam.

449 2265 577 2310 uto.

399 2268 446 2330 p
486 2349 591 2413 75.
635 2329 862 2406 Κεᾶὲ,
904 2332 964 2391 in
1009 2351 1189 2405 uam,
1240 2329 1419 2392 Brute
1444 2376 1478 2404 ,
1512 2331 1799 2414 intelligis.

397 2407 486 2469 At
568 2432 601 2472 e
633 2413 858 2472 utinam
897 2432 970 2472 ex
1028 2422 1191 2475 arent
1219 2412 1315 2472 illa
1353 2414 1638 2487 carmina,
1673 2435 1799 2494 quae

395 2509 497 2552 mu
520 2495 590 2553 tis
630 2492 832 2553 seculis
882 2507 1018 2552 ante
1064 2490 1224 2553 suam
1262 2509 1491 2554 aetatem
1521 2496 1580 2554 in
1607 2495 1798 2574 epulis

397 2570 511 2634 effe
564 2576 838 2635 cantitata
885 2595 920 2634 a
968 2575 1057 2641 sin
1102 2573 1210 2635 ulis
1250 2574 1516 2635 convivis
1556 2574 1632 2635 de
1675 2575 1795 2635 cla-

390 2672 592 2715 rorum
639 2657 901 2717 virorum
963 2655 1059 2719 lau
1104 2654 1231 2715 ibus
1266 2700 1286 2731 ‚
1347 2657 1406 2714 in
1453 2652 1841 2737 Originibus.-

387 2729 661 2822 &rignum
705 2737 933 2825 reliquit
1019 2734 1176 2801 Cato
1219 2737 1236 2798 Ξ
1307 2734 1541 2803 Tamen
1592 2737 1812 2815 inim„
