2017 3634
432 198 945 269 ·LIBER
1024 198 1274 269 IL.-
1371 220 1517 272 121

118 318 377 395 gadim,
419 316 602 397 quiam
640 313 1050 395 philosophum
1073 363 1093 389 ‚
1131 317 1392 378 malunt:
1429 321 1528 400 qui

116 398 303 462 simul
341 413 412 456 ut
441 396 729 476 increpuit
757 439 777 469 ,
819 397 879 457 in
917 398 1113 457 media
1144 402 1412 459 oratione
1449 399 1528 460 de

121 481 410 542 maximis
437 476 614 537 rebus
648 476 725 539 δι.
751 479 1099 558 gravissimis
1137 477 1527 560 disputantem

121 558 560 644 philosophum
591 576 797 618 omnes
828 557 1114 619 unclionis
1140 561 1311 620 caus&
1344 561 1527 621 relin-

122 657 361 726 quunt:
403 640 488 699 ita
524 639 876 698 levissimam
912 639 1361 701 deleRauonem
1389 662 1529 724 gra·-

121 726 395 785 vissimae
417 764 438 793 ‚
489 735 556 777 ut
588 719 698 799 ipsi
732 717 925 780 ferunt
946 765 967 791 ‚
1003 721 1236 780 utilitati
1269 739 1403 781 aute
1450 744 1528 782 o·-

120 819 298 866 nunt.
342 800 563 862 Otium
582 818 775 861 autem
848 800 970 859 uod
1001 800 1141 860 dicis
1167 800 1318 874 effe,
1421 822 1529 862 en«-

122 889 245 946 tior
271 905 289 942 ε
324 884 545 943 verum
578 882 688 939 otii
715 878 805 939 fru
864 901 928 941 us
966 879 1089 956 est,
1129 904 1255 944 non
1284 899 1531 944 conten*

122 970 211 1027 tio
242 965 478 1036 animi,
516 959 635 1021 sed·
654 961 958 1023 relaxatio,
1382 988 1388 995 ·
1515 968 1524 1017 ἰ

215 1043 338 1106 VI.
377 1042 552 1123 Saepe
577 1062 651 1102 ex
680 1039 885 1103 socero
909 1063 1050 1105 meo
1067 1043 1264 1106 audivi
1286 1090 1305 1120 ‚
1350 1065 1531 1128 quum

126 1131 178 1188 is
220 1127 494 1197 diceret,
539 1122 803 1184 socerum
830 1123 989 1184 suum
1029 1125 1269 1187 Laelium
1299 1126 1532 1209 semper

130 1209 265 1276 fere
290 1226 433 1266 cum
456 1203 735 1285 Scipione
756 1203 986 1268 solitum
1006 1204 1292 1280 rusticari,
1317 1207 1534 1289 eosque

132 1286 567 1349 incredibiliter
635 1285 1036 1366 repuerascere
1103 1287 1217 1348 esse
1275 1287 1476 1349 solitos
1512 1331 1536 1363 ,

134 1391 325 1453 quum
366 1387 464 1426 rus
506 1385 580 1425 ex
613 1366 802 1441 urbe,
839 1375 1138 1448 tainquam
1174 1387 1208 1429 e
1243 1370 1489 1428 vinculis
1512 1413 1533 1443 ‚

137 1446 560 1512 evolavissent.
633 1445 772 1507 Non
810 1445 1002 1508 audeo
1042 1448 1238 1508 dicere
1277 1447 1350 1508 de
1400 1449 1539 1507 tali-

134 1534 251 1594 bus
270 1531 421 1591 viris
442 1570 463 1602 ,
496 1524 595 1586 sed
620 1544 819 1589 tamen
846 1529 926 1587 ita
958 1524 1107 1589 solet
1126 1548 1353 1588 narrare
1375 1526 1539 1588 Scae—

137 1614 327 1685 vola,
361 1608 622 1669 conchas
644 1628 784 1683 eor»,
821 1607 888 1669 &
911 1608 1218 1669 umbilicos
1253 1608 1327 1669 ad
1357 1606 1539 1688 Caje-
1615 1644 1626 1653 ·

137 1712 262 1755 tam
291 1738 314 1767 ‚
360 1692 432 1752 ὅ(
468 1688 544 1748 ad
574 1688 929 1750 Laurentum
961 1689 1159 1772 legere
1196 1689 1488 1753 consuesse
1509 1732 1531 1768 ,

142 1778 207 1837 ὅ(
246 1773 327 1835 ad
367 1790 619 1832 omnem
653 1772 827 1830 animi
867 1772 1269 1835 remissionem
1304 1772 1540 1835 ludum-

133 1876 261 1940 que
299 1851 686 1915 descendere.
1520 1888 1524 1893 «

228 1955 334 2015 23·
383 1932 484 1994 Sic
505 1933 664 1992 enim
681 1929 738 1992 se
758 1950 850 1992 res
866 1929 1045 1993 habet
1063 1977 1084 2007 ‚
1108 1947 1213 2006 ut,
1252 1936 1540 2015 quemad-

138 2018 403 2081 modum
460 2012 736 2085 volucres
784 2012 1055 2073 videmus
1109 2018 1532 2094 procreationis

144 2118 323 2181 atque
366 2092 636 2155 utilitatis
670 2090 781 2152 suae
816 2093 988 2153 causa
1024 2091 1246 2174 fingere
1285 2095 1349 2154 &
1385 2117 1540 2155 con-

143 2179 368 2241 struere
410 2174 627 2246 nidos;
667 2172 897 2234 easdem
933 2189 1131 2233 autem
1154 2217 1172 2247 ,
1251 2195 1394 2233 uum
1431 2177 1537 2235 ali-

146 2260 292 2344 quid
327 2255 636 2318 effecerint
658 2298 677 2327 ‚
704 2253 944 2315 levandi
966 2254 1183 2313 laboris
1212 2194 1301 2313 ffui
1328 2256 1494 2316 causi
1515 2300 1538 2331 ‚

146 2344 374 2423 passim
427 2358 498 2396 ac
539 2336 720 2395 libere
754 2333 972 2394 solutas
1022 2356 1062 2394 o
1109 2354 1220 2395 ere·
1249 2334 1538 2398 volitare:

153 2427 232 2483 sic
271 2416 463 2481 nostri
501 2418 676 2476 animi
696 2414 1024 2476 forensibus
1097 2417 1341 2498 egotiis‚
1364 2433 1540 2498 atque

151 2503 389 2565 urbano
437 2516 625 2578 opere
673 2495 926 2569 defessi,
966 2494 1247 2579 gestiunt,
1285 2520 1353 2558 ac
1379 2499 1542 2562 voli·-

155 2599 278 2645 tare
301 2603 378 2641 cu
426 2581 588 2651 ium,
622 2578 792 2638 vacui
816 2577 950 2637 cura
972 2594 1145 2658 atque
1169 2578 1395 2638 labore.
1517 2628 1520 2633 .

241 2684 342 2737 24.
383 2601 596 2740 {taque
623 2657 763 2719 illud
781 2703 802 2733 ,
827 2657 991 2740 quod
1019 2678 1135 2738 ego
1152 2659 1209 2716 in
1233 2657 1394 2717 causa
1416 2657 1543 2719 Cu·-

156 2745 320 2805 tiana
354 2739 647 2802 Scaevolae
685 2739 800 2802 dixi
834 2784 857 2815 ‚
909 2759 1032 2802 non
1075 2737 1189 2799 dixi
1226 2736 1383 2801 secus
1405 2784 1426 2814 ,
1472 2760 1542 2803 a:

246 2829 461 2888 Tomus
500 2823 584 2895 ΙΙ.
752 2890 761 2895 ,
1252 2817 1301 2882 F
